3524 5808
396 879 464 942 420
805 892 1042 950 urrunnun.

224 1071 348 1124 ofwet-
399 1079 461 1144 tris
484 1079 611 1144 domini
631 1077 771 1150 ,Robesi
793 1078 857 1144 Dei
879 1079 988 1164 matie
1013 1075 1266 1156 Sarisburiensis
1298 1071 1450 1160 episcopi,

223 1146 362 1269 mh,
397 1181 675 1258 adsumendum,
698 1180 957 1268 cognoscendum
984 1187 1019 1246 e
1041 1180 1154 1246 debito
1176 1179 1242 1244 fine
1268 1176 1450 1242 temnen-

225 1271 371 1322 cnmeelof
398 1283 478 1348 dum
514 1303 729 1369 quaecumque
763 1288 931 1369 comperta
969 1287 1004 1348 et
1035 1282 1146 1347 delata
1182 1281 1219 1344 in
1256 1278 1447 1344 visitatione

225 1335 351 1466 phuapppn
397 1385 478 1452 dicti
502 1385 605 1471 patris
628 1406 733 1472 nuper
763 1385 799 1450 in
822 1385 1091 1452 archidiaconatu
1115 1381 1241 1449 Wiltes'
1273 1379 1447 1447 actualiter

228 1474 257 1518 ln
269 1469 333 1520 Dec.

227 1539 299 1585 1345,
397 1487 549 1565 exercita.
573 1487 814 1554 commissarius
837 1485 982 1575 legitime
998 1485 1186 1572 deputatus,
1209 1483 1351 1548 discreto
1374 1481 1446 1544 viro

398 1641 404 1654 .
431 1642 437 1654 .
465 1590 588 1656 decemo
618 1588 869 1666 Malmesburiae,
904 1586 1160 1655 Sarisburiensis
1182 1584 1332 1652 dioecesis
1362 1603 1446 1668 prae-

395 1691 501 1768 dictae‚
532 1691 672 1756 salutem
701 1691 739 1754 in
761 1691 906 1758 Auctore
940 1688 1067 1755 salutis.
1113 1686 1199 1754 Cum
1226 1707 1286 1751 nos
1320 1686 1356 1750 in
1388 1704 1446 1748 ne-

393 1794 484 1882 gotio
505 1798 597 1859 moto
619 1791 785 1859 occasione
807 1797 1047 1877 compertorum
1074 1791 1110 1854 in
1131 1788 1324 1854 visitatione
1354 1790 1448 1851 ante·

393 1894 491 1971 dicto,
514 1897 629 1960 contra
651 1893 822 1959 dominum
844 1891 1004 1959 Thomam
1036 1891 1197 1957 vicarium
1229 1888 1371 1956 ecclesiae
1403 1887 1445 1950 de

392 1994 570 2080 Westport,
587 1994 764 2080 [dioecesis]
781 1993 955 2080 praedictae,
979 1997 1146 2080 praetextu
1169 1990 1354 2057 refectionis
1369 2009 1446 2056 oau-

392 2095 466 2160 celli
489 2096 624 2182 capellae
658 2096 699 2160 de
734 2093 914 2162 Cherltone
948 2095 1047 2161 dictae
1071 2093 1214 2160 ecclesiae
1236 2111 1384 2169 amenas,
1410 2094 1447 2154 et

392 2196 551 2263 librorum
574 2197 610 2261 in
637 2197 751 2262 eadem
783 2197 1008 2274 existentium,
1032 2196 1095 2262 rite
1118 2217 1176 2282 per
1202 2193 1313 2260 omnia
1334 2213 1445 2279 proce-

391 2297 516 2375 dentes,
539 2297 714 2384 praefatum
737 2297 909 2364 dominum
931 2297 1090 2364 Thomam
1107 2297 1277 2373 vicarium,
1300 2300 1340 2359 ut
1360 2314 1446 2380 prae-

392 2400 549 2477 mittitur,
586 2400 630 2464 ad
663 2399 878 2468 reficiendum
911 2399 1092 2466 cancellum
1124 2399 1223 2465 dicta
1254 2396 1387 2484 capellae
1409 2401 1445 2461 et

391 2499 608 2585 reparandum
649 2519 763 2565 omnes
800 2500 901 2566 libros
935 2500 978 2566 ad
1014 2500 1120 2586 ipsam
1154 2498 1313 2584 capellam
1343 2497 1445 2584 perti-

391 2606 517 2679 nentes,
543 2601 669 2666 missali
696 2601 863 2668 duntaxat
892 2605 1039 2688 excepto,
1066 2605 1230 2686 quatenus
1261 2597 1446 2665 refectioni-

389 2701 473 2767 bus1
505 2703 706 2790 indigebant,
730 2708 769 2769 ut
803 2710 884 2771 tunc
906 2705 992 2772 circa
1014 2709 1104 2772 certa
1125 2709 1276 2790 tempora
1294 2701 1363 2787 jem
1385 2700 1445 2764 diu

390 2803 520 2882 effluxo,
543 2805 606 2869 sub
628 2825 727 2891 poeuo
754 2805 797 2872 xl
832 2828 855 2871 e.
879 2806 920 2872 de
952 2827 1110 2872 consensu
1142 2802 1361 2892 procuratoris
1392 2800 1444 2866 sui
1488 2803 1492 2806 ’

389 2906 604 2992 eleemosynae
652 2907 731 2973 dicti
771 2906 969 2973 venerabilis
1015 2907 1119 2992 patris
1164 2904 1443 2992 applicandorum,

388 3007 740 3093 condempnaverimus
762 3009 799 3072 in
820 3008 927 3074 forma
945 3008 1039 3094 juris.
1095 3007 1187 3073 Idem
1211 3012 1323 3072 tamen
1355 3006 1443 3072 vica-

388 3109 456 3172 rius
479 3109 625 3177 defectus
664 3110 699 3174 in
722 3109 864 3176 cancello
895 3114 930 3175 et
968 3109 1061 3175 libris
1083 3109 1251 3196 praedictis
1281 3106 1446 3174 notabiles

388 3216 534 3296 tempore
564 3211 722 3296 preadicto
752 3210 973 3290 imminentes,
997 3213 1039 3276 ad
1063 3233 1203 3297 quorum
1233 3209 1443 3276 refectionem

388 3333 445 3376 seu
488 3312 729 3398 reparationem
759 3312 862 3397 juxta
901 3312 1209 3380 condemnationem
1250 3311 1442 3398 praedictam

388 3412 563 3480 tenebatur
595 3419 629 3478 et
661 3419 803 3491 tenetur,
835 3414 972 3479 minime
1019 3414 1152 3480 reficere
1197 3434 1255 3478 seu
1291 3432 1443 3498 reparare

388 3516 527 3594 curavit,
549 3515 607 3580 sed
630 3514 730 3601 hujus
754 3515 900 3582 defectus
930 3517 1128 3582 incorrectos
1149 3515 1279 3581 notorie
1300 3514 1444 3580 dimittit

388 3622 423 3682 et
449 3617 585 3696 dimisit,
607 3621 715 3704 prout,
738 3616 827 3683 ferna
856 3617 990 3704 publica
1011 3618 1185 3696 referente,
1216 3618 1259 3683 ed
1292 3622 1443 3684 nostrum

388 3720 541 3805 pervenit
562 3718 716 3785 auditum
738 3739 777 3785 ac
799 3720 977 3785 summarie
1004 3719 1120 3786 extitit
1142 3719 1231 3786 facta
1250 3718 1333 3808 ¹fides
1367 3740 1442 3804 quae

388 3820 568 3906 requiritur
590 3819 626 3884 in
657 3819 720 3887 hac
750 3825 853 3906 parte.
900 3819 1061 3902 Quocirca
1094 3820 1190 3886 vobis
1221 3820 1360 3886 firmiter
1389 3822 1441 3884 in-

383 3921 556 4008 jungendo
577 3923 815 3988 committimus
838 3928 873 3987 et
895 3923 1089 3989 mandamus
1111 3923 1148 3986 in
1182 3923 1308 3988 virtute
1330 3922 1442 3988 obedi·

388 4023 496 4101 entiae,
520 4026 683 4108 quatenus
706 4023 815 4090 citetis
846 4046 904 4090 seu
936 4025 1032 4091 citeri
1063 4024 1193 4092 faciatis
1224 4025 1442 4111 peremptorie

388 4122 563 4208 praefatum
586 4123 758 4189 dominum
780 4124 940 4191 Thomam
964 4125 1133 4204 vicarium,
1154 4129 1194 4189 ut
1216 4125 1442 4212 proemittitur,

388 4225 477 4309 quod
510 4232 697 4311 compareat
734 4247 843 4293 coram
881 4228 970 4293 dicto
1007 4231 1111 4313 patre,
1144 4226 1241 4292 nobis
1278 4229 1338 4292 aut
1375 4225 1442 4292 elio

387 4325 492 4412 ipsius
526 4326 748 4393 commissario
775 4328 811 4392 in
843 4327 905 4396 hac
926 4327 1089 4415 partein
1114 4327 1256 4395 ,celeria
1289 4327 1440 4394 Sarisbu·

387 4426 496 4506 riensi,
527 4427 581 4494 die
615 4428 770 4496 Mercurii
802 4431 953 4517 proxima
983 4435 1060 4516 post
1090 4427 1213 4495 festum
1244 4428 1442 4516 Epiphaniae

387 4527 524 4595 Domini
546 4529 698 4616 proximo
719 4530 880 4610 futurum,
895 4531 1059 4610 canonice,
1081 4531 1110 4596 si
1133 4531 1215 4618 quid
1237 4529 1360 4598 habeat
1380 4553 1443 4618 pro

386 4651 422 4696 se
444 4651 545 4718 quare
568 4631 658 4698 dicta
680 4653 779 4719 poena
802 4631 847 4698 xl.
870 4653 895 4698 o.
927 4632 1065 4698 minime
1087 4633 1300 4719 pronunciari
1321 4631 1442 4700 debeat

653 4829 662 4862 ¹
673 4828 862 4898 resectionibus]
876 4829 1055 4894 retentoribus,
1064 4831 1093 4882 in
1104 4829 1164 4886 MS.
