3566 5820
462 863 527 924 180
714 875 912 926 asorsraun
936 874 1259 926 nsanasauararrss.

462 1067 521 1134 bes
543 1072 577 1132 et
600 1071 781 1132 conventus
805 1070 973 1132 eteorum
996 1087 1193 1132 successores
1216 1066 1370 1132 ordinent
1392 1071 1426 1132 et
1449 1065 1514 1130 dis·

461 1175 588 1257 ponant
611 1169 651 1236 de
681 1169 848 1256 praedietis
877 1170 1083 1248 tenementis,
1106 1170 1203 1236 terris
1233 1175 1268 1235 et
1297 1191 1410 1236 eorum
1441 1191 1514 1256 per-

463 1273 624 1352 tinentiis,
656 1277 691 1337 at
724 1269 765 1338 de
795 1272 962 1358 pradictis
996 1272 1196 1350 tenentibus,
1218 1278 1319 1358 prout
1350 1273 1395 1338 ad
1427 1293 1513 1338 oom-

461 1375 596 1440 modum
633 1374 777 1441 ecelesiae
821 1395 933 1440 eorum
972 1375 1119 1440 viderint
1155 1375 1317 1462 expedire.
1376 1375 1420 1440 Et
1454 1397 1513 1461 ego

463 1478 651 1544 Huntridus
673 1483 708 1544 et
729 1478 865 1544 heredes
887 1483 922 1544 et
951 1478 1111 1564 assignati
1134 1479 1199 1544 mei
1222 1479 1333 1546 omnia
1355 1479 1514 1564 praedicta

461 1587 660 1658 tenemento,
683 1587 718 1647 et
738 1581 913 1668 predictas
936 1588 1048 1659 terras,
1073 1603 1147 1648 cum
1171 1583 1323 1648 omnibus
1346 1583 1512 1669 pertinen-

461 1685 518 1751 tiis
540 1706 641 1771 supra
669 1684 857 1762 nominatis,
880 1685 1047 1771 praedictis
1074 1685 1188 1750 abbati
1209 1690 1245 1749 et
1277 1687 1456 1750 conventui
1479 1690 1514 1750 et

462 1810 574 1854 eorum
607 1787 854 1863 successoribus,
877 1790 991 1853 contra
1023 1809 1134 1852 omnes
1165 1787 1320 1852 mortales
1352 1787 1513 1874 imperpe-

462 1897 558 1956 tuum
590 1890 889 1970 warantizabimus,
914 1896 948 1955 et
978 1890 1019 1956 de
1052 1890 1248 1955 omnimodis
1282 1891 1380 1956 sectis
1413 1891 1513 1956 corni-

460 1999 601 2070 tatuum,
640 1992 814 2070 curiarum,
852 1997 886 2057 et
923 1991 1178 2070 hundredorum,
1208 1993 1362 2070 serviciis,
1400 1992 1514 2080 geldis,

461 2095 763 2171 consuetudinibus,
787 2095 1013 2160 exactionibus
1037 2101 1071 2160 et
1093 2096 1271 2174 demendis,
1294 2101 1364 2160 tarn
1396 2096 1514 2182 regali-

461 2200 523 2264 bus
546 2219 646 2284 quam
661 2197 736 2262 aliis
751 2219 793 2262 ex
812 2219 1018 2282 quacumque
1041 2219 1140 2264 rausa
1153 2197 1386 2275 accidentibus,
1402 2220 1513 2284 sump-

462 2302 554 2365 tibus
591 2300 712 2365 nostris
750 2300 891 2386 propriis
932 2300 1193 2386 acquietabimus
1224 2305 1259 2365 et
1293 2300 1512 2364 defendemus.

462 2405 526 2468 Pro
548 2404 610 2469 hae
635 2409 747 2468 autem
779 2403 956 2469 donatione
980 2409 1014 2468 et
1046 2403 1250 2468 concessione
1282 2425 1355 2468 mea
1387 2425 1515 2468 conces-

462 2513 578 2574 serunt
599 2507 749 2594 praedicti
780 2507 883 2574 abbas
906 2511 941 2572 et
973 2511 1156 2594 conventus
1189 2505 1281 2584 mihi,
1315 2511 1349 2572 et
1385 2491 1542 2572 Madldi'

463 2610 559 2674 uxori
590 2631 681 2687 meae,
704 2609 792 2694 quod
825 2609 1001 2694 participes
1027 2609 1149 2674 erimus
1173 2609 1321 2673 omnium
1354 2609 1514 2673 bonorum

461 2735 535 2798 quse
566 2712 646 2776 fient
673 2712 709 2775 in
740 2733 851 2776 eorum
885 2711 1027 2789 eeclesia,
1061 2717 1096 2776 et
1134 2712 1221 2796 quod
1253 2711 1513 2776 anniversarium

462 2819 611 2880 nostrum
643 2813 701 2879 fiet
735 2812 875 2899 singulis
908 2813 1004 2878 annis
1035 2817 1111 2899 post
1134 2813 1261 2877 obitum
1295 2817 1445 2878 nostrum
1478 2814 1514 2878 in

463 2937 575 2982 eorum
599 2915 734 2982 eeclesia
757 2916 1008 3001 imperpetuum.
1055 2915 1100 2981 Et
1130 2921 1169 2980 ut
1190 2914 1262 2980 haec
1284 2937 1357 2980 mea
1379 2916 1514 2981 donatio

462 3025 497 3084 et
520 3019 683 3084 concessio
705 3018 806 3082 robur
827 3017 1059 3104 perpetuitatis
1083 3017 1263 3105 optineant,
1282 3017 1368 3083 hanc
1391 3023 1512 3084 cartam

462 3120 585 3186 eisdem
619 3121 733 3186 abbati
766 3125 801 3186 et
834 3121 1012 3186 conventui
1046 3119 1118 3198 feei,
1141 3125 1176 3186 et
1197 3141 1270 3186 earn
1302 3121 1409 3208 sigilio
1442 3144 1514 3186 meo

463 3243 601 3310 signavi.

841 3463 921 3530 Cer.
946 3462 1126 3532 CCCXIII.

493 3619 541 3686 Da
563 3618 718 3686 dormio
739 3617 830 3705 hyda
852 3617 1054 3788 terrffmdhpzto
1082 3617 1246 3686 thletew
1268 3619 1406 3686 Rbusoclo
1427 3620 1471 3686 ia

1024 3743 1067 3787 m.

298 3867 425 3931 Grmtby
507 3861 622 3927 Sciant
655 3867 832 3948 praesentes
865 3867 899 3926 et
929 3861 1034 3925 firturi
1068 3861 1155 3946 quod
1188 3883 1248 3948 ego
1272 3861 1430 3928 Osbertus
1453 3863 1516 3929 Dei

295 3935 450 4062 ffflfffyor
462 3965 570 4052 gretia
603 3963 713 4040 abbas,
749 3969 783 4027 et
805 3968 988 4028 conventus
1023 3963 1275 4040 Malmesburiae,
1299 3965 1520 4030 concessimus

295 4069 414 4144 rent-ana
464 4067 629 4132 Willehno
645 4065 775 4130 Blundo
799 4071 833 4130 et
849 4065 1024 4131 heredibus
1047 4066 1123 4142 suis,
1148 4065 1319 4132 dimidiam
1335 4067 1458 4154 hydam
1482 4075 1516 4133 et

296 4149 399 4184 mm
463 4191 564 4234 unam
597 4167 803 4233 cloeertoede
837 4168 874 4231 in
905 4167 1064 4246 Foxham‚
1087 4169 1264 4234 tenendam
1300 4169 1340 4235 de
1362 4171 1456 4236 nobis
1479 4171 1515 4236 in

463 4271 558 4336 feodo
581 4276 615 4334 et
648 4270 849 4335 hereditate:
881 4269 1047 4335 reddendo
1072 4269 1209 4356 singulis
1242 4272 1337 4336 annis
1361 4279 1516 4358 quatuor-

464 4374 568 4439 deeim
604 4372 724 4438 solidos
755 4393 814 4458 pro
848 4373 938 4436 omni
971 4372 1118 4450 servicia,
1141 4379 1278 4460 excepto
1301 4376 1389 4461 quod
1419 4377 1516 4442 debet

296 4487 406 4540 facet.
464 4483 514 4542 ter
544 4497 636 4542 arare
660 4477 695 4541 in
718 4497 823 4556 anno;
853 4474 936 4539 etsi
959 4481 1093 4542 aratura
1115 4477 1217 4542 fuerit
1239 4500 1338 4564 supra
1361 4483 1514 4556 montem,

463 4579 571 4645 arabit
593 4580 629 4643 in
652 4578 704 4645 die
726 4599 828 4644 unam
851 4600 967 4655 acram,
991 4579 1019 4642 si
1041 4577 1142 4644 fuerit
1165 4581 1200 4644 in
1223 4581 1320 4658 valle,
1344 4581 1516 4648 dimidiam

463 4705 579 4750 acram.
625 4681 734 4748 Debet
757 4682 857 4747 etiam
889 4681 924 4744 in
947 4686 1129 4768 autumpno
1160 4683 1282 4748 cariare
1305 4683 1441 4749 bladum
1470 4685 1514 4750 ad

464 4785 588 4850 curiam
611 4805 678 4850 una
701 4785 760 4861 die,
789 4787 823 4848 et
846 4783 960 4848 fenum
984 4781 1088 4849 altera
1113 4783 1176 4851 die.
