3526 5810
452 876 518 942 146
703 891 901 944 samarium
923 891 1244 946 unnasaumnusa

449 1077 593 1145 Galfridi
614 1085 649 1146 et
670 1081 783 1159 nostri,
806 1081 904 1148 citius
935 1103 1001 1167 quo
1023 1079 1136 1166 dimisa
1166 1082 1352 1169 incipiatur,
1375 1083 1499 1150 illumi-

449 1187 572 1246 nentur
594 1183 743 1268 pimdicti
765 1188 908 1269 quatuor
930 1183 984 1249 vel
1007 1184 1152 1271 quinque
1175 1185 1268 1262 cerei,
1291 1191 1326 1250 et
1358 1186 1498 1251 ardeant

449 1285 614 1366 continue,
631 1306 800 1372 quousque
822 1287 923 1352 missa
945 1285 1109 1352 celebrata
1131 1287 1232 1352 fiierit
1253 1287 1291 1351 in
1306 1290 1495 1354 crastinum.

451 1387 496 1452 Et
529 1389 566 1452 in
587 1387 813 1454 anniversario
843 1389 994 1476 praedicti
1017 1388 1157 1455 Walteri
1191 1389 1303 1456 Calun
1335 1390 1495 1455 similiter.

451 1489 537 1558 Cum
571 1491 672 1558 etiam
694 1492 903 1578 coquinarius
927 1493 1043 1558 domus
1077 1494 1242 1579 percipere
1273 1493 1497 1559 consuevisset

450 1595 494 1660 ad
516 1595 597 1660 duos
620 1595 778 1661 terminos
806 1596 847 1661 de
868 1596 1044 1681 praeposito
1067 1597 1107 1661 de
1131 1595 1362 1675 Crcddewelle,
1385 1598 1497 1663 decem

449 1697 568 1764 solidos
591 1719 651 1784 pro
672 1703 761 1763 terra
782 1699 823 1763 de
847 1698 1029 1785 Huirugge,
1051 1703 1086 1764 et
1107 1699 1322 1784 pitanciarius
1346 1699 1386 1764 de
1408 1704 1499 1764 terra

449 1821 549 1887 quam
582 1801 751 1867 Johannes
788 1801 819 1868 le
853 1801 927 1887 Boy
960 1802 1069 1867 tenuit
1101 1803 1138 1866 in
1171 1802 1421 1890 Brokeneberge
1454 1803 1496 1867 de

448 1905 546 1971 feodo
576 1905 742 1992 quondam
785 1903 925 1990 Sporun,
949 1906 1094 1991 quinque
1128 1905 1247 1971 solidos
1278 1906 1321 1972 ad
1353 1911 1496 1992 quatuor

447 2008 527 2074 anni
550 2008 716 2095 terminos,
732 2012 766 2072 et
787 2029 846 2072 nos
861 2008 1056 2092 praedictum
1078 2008 1246 2073 redditum
1262 2007 1496 2094 praedictorum

447 2110 628 2196 coquinarii
651 2115 685 2176 ct
707 2110 894 2196 pitanciarii
925 2109 1058 2177 redditu
1089 2115 1202 2176 nostro
1235 2111 1498 2198 assignavimus;

448 2236 517 2291 nos,
548 2235 591 2278 ne
614 2212 764 2278 redditus
786 2212 1021 2298 praedictorum
1043 2212 1227 2298 coquinarii
1249 2217 1285 2277 et
1305 2213 1495 2300 pitanciarii

446 2339 505 2406 per
553 2337 613 2381 nos
662 2315 876 2392 diminuatur,
923 2315 1139 2380 concessimus
1184 2315 1272 2400 quod
1318 2315 1496 2400 predictus

445 2419 653 2506 coquinanus
675 2417 837 2504 percipiat
867 2417 1005 2503 singulis
1039 2418 1134 2482 annis
1169 2417 1210 2482 de
1242 2417 1419 2503 praeposito
1454 2418 1496 2482 de

447 2523 583 2589 Kemele
606 2521 717 2587 decem
740 2520 860 2586 solidos
882 2520 925 2586 ad
948 2520 1030 2584 duos
1053 2520 1221 2598 terminos,
1243 2520 1284 2584 de
1306 2525 1396 2585 terra
1418 2541 1494 2606 quae

445 2627 511 2691 fuit
542 2624 676 2692 Ricardi
711 2623 742 2688 le
765 2623 866 2690 Clerk
900 2623 937 2688 in
960 2621 1105 2700 Kemele,
1139 2627 1174 2687 et
1204 2622 1419 2708 pitanciarius
1452 2623 1494 2688 dc

447 2731 561 2796 eodem
583 2725 760 2814 praeposito
783 2725 929 2810 quinqua
952 2724 1073 2790 solidos
1097 2724 1138 2790 de
1160 2727 1249 2790 terra
1270 2725 1428 2811 praedicta
1450 2725 1493 2790 ad

449 2836 590 2919 quatuor
622 2829 703 2894 anni
735 2827 901 2892 terminos.
946 2826 978 2890 N
982 2849 1000 2890 e
1031 2830 1143 2892 autem
1176 2826 1247 2892 haec
1280 2826 1424 2912 provisio
1459 2832 1493 2890 et

444 2933 623 3020 assignatio
654 2936 766 2997 nostra
788 2951 847 3016 per
869 2929 1034 2995 maliciam
1065 2929 1221 3015 temporis
1243 2929 1297 2994 vel
1331 2951 1389 3015 per
1420 2951 1492 2992 mu-

445 3039 605 3104 tationem
643 3034 854 3122 praelatorum
888 3032 999 3118 aliquo
1033 3037 1179 3117 tempore
1216 3031 1322 3118 possit
1358 3031 1490 3109 imitari,

446 3141 585 3207 eandem
622 3137 730 3224 sigillo
764 3135 964 3200 humilitatis
1002 3139 1132 3212 nostrae,
1167 3155 1236 3199 una
1268 3155 1343 3198 cum
1383 3133 1490 3220 sigillo

443 3242 582 3329 capituli
603 3241 718 3316 nostri,
742 3239 898 3304 duximus
919 3237 1148 3304 roborandum.
1193 3235 1317 3302 Datum
1341 3235 1377 3300 in
1403 3236 1488 3321 capi-

443 3345 515 3411 tulo
551 3348 664 3409 nostro
701 3341 953 3419 Mamertinae,
989 3339 1042 3406 die
1083 3339 1186 3405 Lunae
1229 3337 1379 3424 proxima
1416 3343 1488 3424 post

442 3449 563 3514 festum
587 3444 731 3522 Paschae,
753 3465 841 3510 anno
863 3443 998 3510 Domini
1022 3459 1099 3510 ucc.
1124 3441 1321 3529 octogesimo
1343 3441 1449 3508 tertio.

817 3694 896 3759 Car.
922 3691 1108 3760 CCCLXV.
1231 3785 1233 3789 Ι

525 3845 708 3914 Consentio
731 3843 772 3912 da
793 3840 989 3911 venditione
1021 3841 1180 3908 mtstodioe
1201 3840 1243 3906 de
1269 3840 1422 3910 Wcstouc.

271 3996 422 4130 {pambo
484 3997 540 4063 Ad
571 3996 694 4061 festum
717 3993 861 4071 Paschae,
883 4013 971 4057 anno
1004 3990 1140 4056 Domini
1174 4006 1252 4056 mcc,
1287 3989 1484 4076 octogesimo

271 4131 406 4182 thouara·
439 4100 548 4177 tertio,
582 4097 739 4164 convenit
770 4095 858 4160 inter
889 4094 1060 4160 dominum
1082 4093 1228 4158 Alanum
1251 4093 1292 4158 dc
1323 4092 1486 4158 Plokenet

271 4197 367 4262 shipof
439 4225 481 4266 ex
514 4204 608 4286 parte
642 4221 717 4275 una,
751 4203 787 4262 et
818 4195 989 4261 dominum
1023 4194 1226 4260 Willelmum
1258 4194 1412 4260 abbatem
1444 4195 1485 4258 de

271 4263 378 4384 Q,
438 4302 680 4378 Malmesburia,
712 4305 747 4365 et
785 4299 930 4386 ejusdem
961 4297 1025 4363 loci
1047 4291 1256 4374 conventum,
1286 4319 1328 4361 ex
1358 4297 1486 4374 altera;

268 4397 331 4514 ξὲῑῇ
351 4465 374 4515 le
435 4404 599 4481 videlicet,
623 4403 710 4488 quod
733 4402 910 4488 praedictus
943 4400 1095 4465 dominus
1117 4399 1245 4464 Alanus
1267 4399 1421 4465 vendidit
1450 4405 1486 4464 ct

272 4501 360 4582 Bred.
434 4507 594 4572 concessit
616 4504 783 4591 praedictis
805 4503 920 4568 abbati
946 4509 979 4566 et
1002 4501 1179 4567 conventui
1202 4501 1384 4566 custodiam
1418 4506 1485 4565 ter-

434 4631 545 4675 rarum
567 4631 641 4694 quae
663 4612 798 4672 luerunt
820 4605 982 4670 Johannis
1004 4604 1065 4668 filii
1089 4604 1222 4668 Ricardi
1256 4603 1286 4668 lc
1310 4603 1412 4667 Breth
1448 4603 1483 4667 iu

434 4712 516 4777 villa
539 4712 579 4776 de
601 4711 779 4788 Westone;
811 4708 1000 4772 habendam
1034 4711 1067 4770 et
1100 4706 1275 4770 tenendam
1299 4705 1482 4771 custodiam

433 4815 664 4902 praedictarum
701 4819 872 4888 terrarum,
907 4831 979 4876 cum
1005 4809 1164 4885 domibus,
1187 4809 1343 4894 gardinis,
1367 4808 1479 4875 curtil-
