3566 5820
507 883 719 981 'caeremon
743 931 1066 982 umuusauamusa.
1258 918 1320 982 163

652 1205 732 1272 One.
756 1206 937 1274 OCXCIII.

316 1357 438 1440 Qrciela
465 1344 657 1434 ohedientia
683 1361 831 1425 Herio-ici
857 1362 885 1427 le
910 1361 1029 1426 Mestre
1055 1362 1095 1427 de
1122 1361 1227 1438 Paule,
1249 1361 1289 1426 de

682 1463 798 1528 eudem
821 1463 951 1530 docuero..
1056 1530 1058 1536 s

314 1615 429 1680 Sciant
452 1621 629 1702 praesentes
653 1622 688 1682 et
709 1617 815 1681 futuri
838 1618 926 1702 quod
954 1639 1013 1704 ego
1038 1618 1208 1693 Heminae,
1232 1617 1320 1680 filius
1333 1621 1369 1673 Of
1378 1623 1421 1675 the

268 1718 418 1803 magistri
441 1718 578 1784 Roberti
601 1720 641 1784 de
665 1719 775 1796 Foxle,
799 1721 910 1784 remisi
933 1725 967 1784 et
998 1721 1147 1805 quietum
1170 1719 1318 1795 clamavi,
1332 1705 1410 1740 ΜΕ·

268 1839 327 1904 pro
357 1843 410 1885 me
442 1827 478 1885 et
507 1843 566 1907 pro
597 1821 774 1886 heredibus
808 1828 843 1886 et
877 1823 1053 1908 assignatis
1085 1823 1165 1886 meis
1201 1823 1319 1907 imper-

268 1925 414 2007 petuum,
439 1923 572 1986 domino
595 1923 761 1988 Willelmo
792 1923 855 1988 Dei
886 1924 994 2010 gratia
1025 1923 1140 1988 abbati
1173 1923 1213 1987 de
1236 1922 1319 1987 Mal·

269 2023 441 2100 masburia,
465 2028 499 2089 et
529 2024 674 2108 ejusdem
698 2025 760 2090 loci
784 2026 971 2101 conventui,
994 2030 1162 2106 eteorum
1196 2045 1319 2089 succes-

269 2124 404 2201 acribus,
428 2129 537 2190 totum
567 2127 624 2210 jus
652 2131 686 2190 et
708 2126 873 2201 clamium,
908 2131 942 2189 et
974 2131 1080 2190 totam
1112 2147 1319 2190 communem

269 2248 368 2312 quam
399 2227 509 2304 habui,
542 2227 595 2292 vel
629 2227 748 2292 habere
784 2229 887 2314 potui,
911 2229 1078 2292 occasione
1112 2237 1207 2292 terme
1240 2249 1321 2292 mere

270 2330 310 2394 de
344 2327 456 2406 Foxle,
486 2335 520 2394 et
552 2330 653 2394 etiam
685 2330 775 2394 omni
810 2330 876 2393 alia
906 2330 1080 2406 occasione,
1106 2330 1140 2392 in
1179 2331 1322 2414 quadam

267 2430 374 2516 placia
410 2450 539 2516 magnae
578 2429 704 2496 brueria
750 2451 864 2494 versus
904 2431 1092 2516 Corsgrave,
1129 2452 1202 2516 quae
1233 2431 1323 2515 jacet

175 2613 179 2622 Ι
268 2533 355 2596 inter
378 2531 460 2596 duas
482 2531 629 2596 culturas
653 2554 726 2617 quae
749 2538 912 2597 vocantur
934 2531 970 2596 lu
996 2529 1176 2618 Kohashebe
1204 2537 1237 2597 et
1259 2532 1321 2596 Al-

268 2633 413 2723 eieshepe,
436 2634 600 2712 videlicet,
622 2635 666 2698 ab
689 2634 883 2700 occidentali
906 2633 1028 2720 angulo
1061 2635 1103 2699 de
1139 2634 1173 2698 lo
1201 2634 1322 2700 Koloen-

268 2735 340 2824 hcbe
375 2757 478 2820 usque
510 2736 553 2800 ad
591 2735 824 2802 occidentalem
858 2735 1017 2822 angulum
1051 2737 1091 2800 de
1123 2735 1321 2824 Alsyeahcbc,

266 2859 326 2923 per
352 2837 518 2923 quandam
548 2837 688 2905 viridem
711 2839 809 2915 viam,
833 2859 937 2922 usque
967 2839 1010 2903 ad
1033 2838 1198 2922 quendam
1232 2838 1323 2902 rivu-

267 2940 346 3017 lum,
369 2945 403 3004 et
426 2939 472 3005 sic
495 2962 553 3025 per
582 2939 729 3006 rivulum
753 2939 848 3004 illum
872 2961 975 3024 usque
1008 2941 1051 3005 ad
1084 2939 1320 3005 occidentalem

267 3041 426 3126 augtflum
464 3041 659 3127 praedictum
694 3041 735 3106 de
765 3039 975 3130 Aleyeebebe;
1013 3041 1144 3118 scilicet,
1180 3043 1216 3104 in
1250 3047 1323 3106 tota

267 3143 325 3208 illa
347 3141 461 3229 placia,
485 3164 559 3227 quae
582 3143 672 3228 jacet
704 3143 740 3206 in
763 3143 915 3208 orientali
939 3149 1033 3228 parte
1056 3143 1222 3228 praedietae
1256 3145 1322 3208 viae

267 3251 303 3312 et
323 3246 474 3332 praedicti
497 3245 607 3322 rivuli,
631 3244 719 3310 inter
741 3245 915 3331 praedictas
938 3245 1102 3311 culturas:
1135 3245 1321 3312 habendam

268 3356 303 3415 et
324 3349 501 3414 tenendam
524 3355 629 3413 totam
656 3347 848 3434 praedictam
880 3349 1020 3434 placiam
1044 3349 1214 3436 praedictae¹
1245 3348 1322 3412 bru·

267 3473 339 3529 eree,
363 3473 436 3516 curn
460 3451 611 3516 omnibus
635 3451 844 3536 pertinentiis
861 3451 939 3527 suis,
961 3450 1128 3536 praedictis
1151 3451 1266 3515 abbati
1289 3457 1323 3515 et

267 3555 445 3620 conventui
469 3559 503 3618 et
533 3575 646 3618 eorum
669 3553 914 3629 successoribua
938 3552 1076 3618 liberam
1099 3558 1134 3618 et
1156 3553 1302 3637 quietam
1314 3577 1322 3632 ;

268 3663 302 3723 et
329 3679 400 3722 eam
434 3655 556 3722 fossato
587 3657 851 3741 circumquaque,
875 3656 903 3718 si
938 3655 1115 3732 voluerint,
1139 3655 1322 3732 includant,

268 3761 339 3826 sine
361 3760 472 3845 aliqua
503 3759 768 3834 contradictione,
793 3759 970 3824 vexatione
1002 3759 1056 3822 vel
1089 3759 1322 3824 reclamatione

268 3863 333 3926 mei
357 3861 409 3926 vel
432 3860 588 3925 heredum
620 3882 677 3925 seu
709 3861 948 3946 assignatorum
980 3882 1126 3924 meorum
1160 3860 1321 3946 imperpe-

267 3970 370 4028 tuum.
418 3961 472 4026 Ita
506 3963 594 4046 quod
628 3983 688 4027 neo
720 3983 780 4046 ego
817 3983 877 4026 nec
910 3962 1030 4046 aliquis
1068 3961 1225 4025 heredum
1262 3984 1320 4026 seu

267 4065 507 4150 assignatorum
542 4084 688 4127 meorum
724 4062 850 4147 aliquid
884 4063 970 4146 juris
1008 4061 1063 4126 vel
1100 4060 1219 4138 clamii,
1250 4062 1320 4126 sive

267 4166 412 4252 aliquam
436 4187 643 4231 communem
674 4165 710 4228 in
734 4165 893 4250 praedieta
915 4165 1022 4250 plaoia
1054 4163 1220 4249 praedictae
1244 4165 1321 4228 bru-

268 4291 331 4334 erae
354 4268 449 4333 nobis
472 4268 644 4333 vendicare
669 4263 829 4353 possimus
853 4265 1103 4353 impeqretuum.

312 4369 358 4434 Et
379 4370 415 4434 in
437 4371 666 4435 testimonium
689 4369 790 4454 hujus
820 4369 1021 4434 remissionis
1045 4373 1077 4432 et
1101 4368 1223 4452 quietae
1256 4368 1321 4433 cla-

267 4474 402 4538 mantiae
426 4471 502 4556 [hoo
523 4472 696 4556 scriptum]
714 4472 837 4536 eisdem
852 4471 966 4537 abbati
989 4477 1024 4536 et
1046 4471 1226 4535 conventui
1250 4470 1323 4547 foci,

268 4581 303 4642 et
325 4573 433 4662 sigillo
455 4593 528 4638 meo
551 4573 691 4660 signavi.
