3566 5820
531 959 731 1011 sumsrnuu
754 959 1078 1010 uuuuussusrnnsn
1265 945 1329 1016 117

278 1153 391 1220 abbuti
414 1159 449 1220 et
472 1153 711 1220 successoribus
741 1153 819 1232 suis,
842 1159 877 1218 et
899 1153 1042 1220 ecclesiae
1073 1173 1141 1218 suoe
1164 1153 1330 1239 praedictae

278 1256 530 1344 imperpetuum.
598 1256 642 1322 Et
673 1277 734 1343 pro
768 1257 830 1323 huc
863 1255 1096 1343 recognitione,
1130 1257 1330 1334 remissione,

279 1365 394 1450 quiete
415 1364 604 1442 clementis,
630 1363 696 1429 fine
727 1368 763 1429 et
793 1364 975 1441 concordie,
997 1363 1086 1428 idem
1118 1363 1221 1429 abbas
1255 1383 1331 1430 con·

279 1467 377 1532 cessit
414 1487 473 1552 pro
505 1487 539 1532 se
571 1469 606 1530 et
643 1464 883 1530 successoribus
921 1465 989 1529 suis
1027 1469 1063 1529 et
1099 1464 1235 1530 ccclesia
1271 1484 1332 1528 suu

279 1568 446 1654 praedicte,
484 1567 653 1654 praedictis
697 1567 899 1654 Rsndulpho
944 1572 979 1632 et
1017 1565 1189 1654 Murgeriae
1226 1587 1331 1630 unum

280 1671 484 1756 mesuagium
507 1689 582 1737 cum
613 1667 824 1755 pertinentiis
855 1669 891 1732 in
914 1669 1028 1734 eudem
1050 1667 1190 1734 villain
1212 1689 1333 1753 magno

280 1772 354 1837 vico
376 1773 417 1837 de
440 1771 693 1849 Mslmesburis;
717 1770 842 1836 scilieet
864 1770 948 1835 illud
971 1769 1060 1856 quod
1081 1769 1147 1836 fuit
1168 1769 1332 1836 Jchennis

281 1872 342 1936 filii
359 1871 517 1938 willelmi
533 1873 564 1938 le
580 1873 717 1952 Pcrter;
739 1871 930 1939 habendum
953 1878 988 1937 et
1002 1873 1184 1938 tenendum
1208 1872 1331 1938 eisdem

282 1975 481 2061 Bnudulphc
504 1981 540 2040 et
561 1973 734 2060 Murgerise
758 1979 792 2039 et
814 1975 990 2040 heredibus
1020 1973 1126 2061 ipsius
1149 1975 1330 2060 Murgerise,

282 2076 322 2141 ds
349 2076 507 2162 prsedicto
539 2075 659 2142 ebbete
692 2081 727 2142 et
758 2076 996 2142 successoribus
1031 2077 1100 2142 suis
1132 2081 1166 2142 et
1197 2077 1333 2143 ecclesis

281 2197 342 2243 sue
371 2177 537 2262 prsedicte,
570 2197 630 2264 per
660 2177 837 2244 servicium
868 2177 967 2242 unius
1000 2177 1088 2243 obeli
1120 2199 1331 2263 perannum

281 2279 324 2344 ed
347 2279 480 2360 Pesche,
504 2285 539 2344 et
560 2279 713 2345 faciendo
744 2279 822 2344 inde
844 2279 1042 2366 capitalibus
1073 2281 1215 2346 dominis
1244 2281 1332 2346 feodi

281 2382 371 2446 illius
386 2381 497 2447 omnis
512 2382 579 2448 slis
593 2381 741 2460 servicis,
756 2402 830 2467 quae
846 2382 890 2446 ad
910 2382 1106 2468 praedictum
1128 2383 1333 2470 mesuagium

283 2485 460 2571 pertinent,
475 2504 535 2570 pro
552 2484 643 2550 omni
666 2484 813 2562 servicis,
836 2484 1073 2550 consuetudine
1097 2490 1131 2550 et
1154 2487 1332 2551 exactione.

284 2587 328 2652 Et
343 2587 521 2673 predictus
537 2583 690 2673 abhusjet
705 2607 903 2652 successores
926 2587 978 2652 sui
993 2587 1259 2654 warentirsbunt
1274 2590 1335 2653 eis-

284 2690 358 2754 dem
381 2688 582 2774 Rendulpho
597 2694 632 2754 et
647 2689 820 2775 Murgeriae
843 2695 879 2755 et
900 2689 1076 2755 heredibus
1101 2691 1231 2776 [ipsius]
1248 2691 1335 2756 Mer-

284 2791 382 2877 geriae
397 2790 596 2877 praedictum
619 2791 826 2877 mesuagium
849 2812 924 2856 cum
944 2791 1163 2877 pertinentiis,
1178 2813 1237 2878 per
1251 2811 1335 2878 pree·

286 2893 411 2960 dictum
433 2892 610 2960 servicium
633 2897 750 2960 contre
772 2913 884 2958 omnes
907 2893 1056 2960 homines
1083 2893 1334 2980 imperpetuum.

699 3131 779 3200 Cur.
803 3131 934 3202 OOLII.

287 3273 335 3339 De
358 3273 455 3342 denso
478 3272 655 3360 quondam
683 3271 842 3340 Willetmc'
869 3273 1045 3340 quitoris
1069 3273 1339 3358 jucundorum

609 3373 771 3441 Juttuuoe
794 3375 830 3440 lu
858 3375 1028 3460 Olerpesse.

332 3507 446 3574 Sciunt
469 3512 650 3593 praesentes
672 3513 707 3573 et
729 3507 837 3572 futuri
861 3509 949 3592 quod
973 3529 1033 3593 ego
1055 3507 1233 3585 Jchunnes,
1249 3508 1338 3573 filius
1352 3511 1474 3590 ereptor

289 3611 445 3676 wuumi
477 3609 640 3675 tauers
675 3611 716 3675 ue
748 3610 991 3690 mrmesburu,
1020 3611 1106 3691 soei,
1130 3611 1272 3678 consess
1305 3617 1339 3677 es
1352 3580 1499 3696 {diff

287 3712 349 3779 huc
381 3712 538 3799 presenti
571 3717 663 3778 came
694 3731 768 3778 mes
799 3713 992 3778 confirmavi
1027 3713 1098 3779 Deo
1130 3719 1164 3778 et
1195 3713 1339 3780 ecclesiae

289 3815 384 3881 Beati
416 3814 585 3879 Aidhelmi
619 3815 661 3879 de
692 3811 933 3891 Mslmesburis,
967 3821 1002 3880 et
1029 3814 1194 3880 Willelmc
1225 3815 1340 3881 sbbuti

287 3922 323 3982 et
352 3914 520 3982 monachis
553 3915 677 3981 ibidem
708 3915 780 3982 Dec
814 3914 1043 3990 servientibus,
1073 3937 1178 3980 unum
1212 3935 1340 3982 mesuc-

287 4020 380 4106 gium
400 4039 476 4086 cum
498 4018 686 4105 curtillsgic
708 4023 743 4083 et
765 4017 917 4083 omnibus
940 4017 1014 4084 eliis
1038 4018 1250 4104 pertinentiis
1272 4017 1340 4083 suis

286 4123 325 4188 in
350 4141 470 4209 mugnu
493 4125 600 4187 strete
623 4119 713 4186 ville
736 4119 986 4198 Mslmesburiae,
1007 4120 1108 4206 juxta
1137 4121 1341 4208 mesuagium

287 4223 456 4310 quondum
482 4222 628 4289 Julimae
658 4222 693 4287 le
715 4221 910 4310 Oleregesse,
933 4243 1047 4290 versus
1069 4223 1277 4308 uquilonem;
1307 4228 1342 4289 et

286 4333 356 4394 tres
388 4347 482 4394 uerus
518 4331 614 4392 terres
652 4345 727 4392 cum
763 4326 914 4392 omuibus
952 4326 1162 4413 pertinentiis
1199 4327 1268 4392 suis
1305 4327 1342 4392 in
1355 4339 1468 4392 urere

284 4429 413 4516 campis
444 4429 485 4493 de
512 4427 857 4514 bombulle,quc1um
887 4428 961 4495 duee
987 4447 1072 4495 eures
1099 4429 1214 4514 jacent
1239 4429 1342 4517 juxte

285 4535 517 4598 tenementum
556 4529 723 4616 quondum
761 4530 898 4596 Rcberti
933 4531 963 4596 le
995 4529 1206 4618 Ohurpunter
1227 4551 1343 4598 versus

283 4633 501 4712 occidentem,
524 4651 592 4698 uns
623 4632 762 4698 dimidie
792 4652 869 4698 scre
901 4631 1053 4698 extendit
1083 4653 1118 4698 se
1141 4655 1255 4699 versus
1278 4639 1343 4700 ter-

282 4755 362 4804 ram
382 4734 542 4800 Willelmi
558 4733 710 4813 Percurii
731 4735 820 4800 inter
842 4739 963 4801 terrem
987 4733 1120 4802 Ricardi
1136 4734 1287 4801 Piunoke
1310 4744 1345 4801 et

284 4847 416 4908 terrum
438 4836 597 4904 Willelmi
624 4837 655 4902 le
678 4836 796 4916 Frere;
828 4842 863 4902 et
892 4837 958 4902 elis
987 4835 1126 4903 dimidia
1154 4857 1230 4904 cers
1254 4839 1342 4925 jacet
