<?xml version="1.0" encoding="UTF-8"?>
<!DOCTYPE html PUBLIC "-//W3C//DTD XHTML 1.0 Transitional//EN"
    "http://www.w3.org/TR/xhtml1/DTD/xhtml1-transitional.dtd">
<html xmlns="http://www.w3.org/1999/xhtml" xml:lang="en" lang="en">
 <head>
  <title>
</title>
<meta http-equiv="Content-Type" content="text/html;charset=utf-8" />
  <meta name='ocr-system' content='tesseract 3.04.00' />
  <meta name='ocr-capabilities' content='ocr_page ocr_carea ocr_par ocr_line ocrx_word'/>
</head>
<body>
  <div class='ocr_page' id='page_1' title='image "./registrummalmes00martgoog_0437.png"; bbox 0 0 3524 5808; ppageno 0'>
   <div class='ocr_carea' id='block_1_1' title="bbox 530 851 1328 915">
    <p class='ocr_par' dir='ltr' id='par_1_1' title="bbox 530 851 1328 915">
     <span class='ocr_line' id='line_1_1' title="bbox 530 851 1328 915; baseline 0.001 -2"><span class='ocrx_word' id='word_1_1' title='bbox 530 859 729 914; x_wconf 75' lang='lat' dir='ltr'>eremmon</span> <span class='ocrx_word' id='word_1_2' title='bbox 753 862 1076 915; x_wconf 76' lang='lat' dir='ltr'>Marmasnurnnnsn.</span> <span class='ocrx_word' id='word_1_3' title='bbox 1264 851 1328 914; x_wconf 84' lang='lat'>343</span> 
     </span>
    </p>
   </div>
   <div class='ocr_carea' id='block_1_2' title="bbox 271 1049 1328 2266">
    <p class='ocr_par' dir='ltr' id='par_1_2' title="bbox 271 1049 1328 2266">
     <span class='ocr_line' id='line_1_2' title="bbox 275 1049 1328 1139; baseline 0.001 -26"><span class='ocrx_word' id='word_1_4' title='bbox 275 1049 360 1114; x_wconf 89' lang='lat' dir='ltr'>ciam</span> <span class='ocrx_word' id='word_1_5' title='bbox 393 1071 486 1116; x_wconf 87' lang='lat' dir='ltr'>suam</span> <span class='ocrx_word' id='word_1_6' title='bbox 520 1051 764 1138; x_wconf 80' lang='lat' dir='ltr'><strong>imperpetuum</strong></span> <span class='ocrx_word' id='word_1_7' title='bbox 797 1052 1046 1139; x_wconf 80' lang='lat' dir='ltr'>assignavimus.</span> <span class='ocrx_word' id='word_1_8' title='bbox 1093 1050 1163 1116; x_wconf 89' lang='lat' dir='ltr'>Nos</span> <span class='ocrx_word' id='word_1_9' title='bbox 1186 1071 1264 1115; x_wconf 90' lang='lat' dir='ltr'>vero</span> <span class='ocrx_word' id='word_1_10' title='bbox 1287 1049 1328 1114; x_wconf 90' lang='lat' dir='ltr'>de</span> 
     </span>
     <span class='ocr_line' id='line_1_3' title="bbox 276 1151 1327 1239; baseline -0.004 -21"><span class='ocrx_word' id='word_1_11' title='bbox 276 1153 442 1237; x_wconf 79' lang='lat' dir='ltr'>praedictis</span> <span class='ocrx_word' id='word_1_12' title='bbox 474 1155 627 1232; x_wconf 87' lang='lat' dir='ltr'>denariis,</span> <span class='ocrx_word' id='word_1_13' title='bbox 660 1159 803 1239; x_wconf 91' lang='lat' dir='ltr'>quatuor</span> <span class='ocrx_word' id='word_1_14' title='bbox 839 1154 954 1220; x_wconf 87' lang='lat' dir='ltr'>solidis</span> <span class='ocrx_word' id='word_1_15' title='bbox 991 1159 1026 1218; x_wconf 91' lang='lat' dir='ltr'>et</span> <span class='ocrx_word' id='word_1_16' title='bbox 1063 1157 1137 1218; x_wconf 90' lang='lat' dir='ltr'>octo</span> <span class='ocrx_word' id='word_1_17' title='bbox 1175 1151 1327 1228; x_wconf 87' lang='lat' dir='ltr'>denariis,</span> 
     </span>
     <span class='ocr_line' id='line_1_4' title="bbox 275 1253 1327 1344; baseline 0 -26"><span class='ocrx_word' id='word_1_18' title='bbox 275 1253 444 1320; x_wconf 86' lang='lat' dir='ltr'>hostilario</span> <span class='ocrx_word' id='word_1_19' title='bbox 467 1256 525 1340; x_wconf 92' lang='lat' dir='ltr'>qui</span> <span class='ocrx_word' id='word_1_20' title='bbox 548 1278 607 1342; x_wconf 89' lang='lat' dir='ltr'>pro</span> <span class='ocrx_word' id='word_1_21' title='bbox 630 1261 777 1344; x_wconf 89' lang='lat' dir='ltr'>tempore</span> <span class='ocrx_word' id='word_1_22' title='bbox 799 1258 909 1335; x_wconf 86' lang='lat' dir='ltr'>fuerit,</span> <span class='ocrx_word' id='word_1_23' title='bbox 925 1279 983 1342; x_wconf 90' lang='lat' dir='ltr'>pro</span> <span class='ocrx_word' id='word_1_24' title='bbox 1006 1256 1195 1322; x_wconf 89' lang='lat' dir='ltr'>necessariis</span> <span class='ocrx_word' id='word_1_25' title='bbox 1217 1255 1327 1342; x_wconf 90' lang='lat' dir='ltr'>hospi·</span> 
     </span>
     <span class='ocr_line' id='line_1_5' title="bbox 274 1357 1327 1445; baseline 0.001 -25"><span class='ocrx_word' id='word_1_26' title='bbox 274 1357 365 1422; x_wconf 91' lang='lat' dir='ltr'>tibus</span> <span class='ocrx_word' id='word_1_27' title='bbox 403 1359 612 1424; x_wconf 80' lang='lat' dir='ltr'>inveniendis</span> <span class='ocrx_word' id='word_1_28' title='bbox 650 1381 709 1445; x_wconf 89' lang='lat' dir='ltr'>per</span> <span class='ocrx_word' id='word_1_29' title='bbox 744 1382 861 1426; x_wconf 91' lang='lat' dir='ltr'>manus</span> <span class='ocrx_word' id='word_1_30' title='bbox 900 1360 1088 1445; x_wconf 87' lang='lat' dir='ltr'>pitanciarii</span> <span class='ocrx_word' id='word_1_31' title='bbox 1125 1359 1169 1424; x_wconf 92' lang='lat' dir='ltr'>ad</span> <span class='ocrx_word' id='word_1_32' title='bbox 1206 1357 1327 1422; x_wconf 86' lang='lat' dir='ltr'>festum</span> 
     </span>
     <span class='ocr_line' id='line_1_6' title="bbox 275 1459 1326 1549; baseline 0 -25"><span class='ocrx_word' id='word_1_33' title='bbox 275 1459 389 1526; x_wconf 78' lang='lat' dir='ltr'>Sancti</span> <span class='ocrx_word' id='word_1_34' title='bbox 413 1461 583 1526; x_wconf 82' lang='lat' dir='ltr'>Michaelis</span> <span class='ocrx_word' id='word_1_35' title='bbox 598 1463 840 1549; x_wconf 80' lang='lat' dir='ltr'>assignavimus</span> <span class='ocrx_word' id='word_1_36' title='bbox 863 1463 1095 1549; x_wconf 81' lang='lat' dir='ltr'>percipiendos</span> <span class='ocrx_word' id='word_1_37' title='bbox 1142 1461 1194 1526; x_wconf 90' lang='lat' dir='ltr'>Ne</span> <span class='ocrx_word' id='word_1_38' title='bbox 1214 1466 1326 1526; x_wconf 87' lang='lat' dir='ltr'>autem</span> 
     </span>
     <span class='ocr_line' id='line_1_7' title="bbox 273 1561 1326 1651; baseline 0 -25"><span class='ocrx_word' id='word_1_39' title='bbox 273 1561 343 1628; x_wconf 88' lang='lat' dir='ltr'>haec</span> <span class='ocrx_word' id='word_1_40' title='bbox 375 1565 518 1649; x_wconf 88' lang='lat' dir='ltr'>provisio</span> <span class='ocrx_word' id='word_1_41' title='bbox 542 1570 577 1629; x_wconf 90' lang='lat' dir='ltr'>et</span> <span class='ocrx_word' id='word_1_42' title='bbox 609 1565 790 1651; x_wconf 75' lang='lat' dir='ltr'>assignatio</span> <span class='ocrx_word' id='word_1_43' title='bbox 821 1571 935 1629; x_wconf 85' lang='lat' dir='ltr'>nostra</span> <span class='ocrx_word' id='word_1_44' title='bbox 967 1586 1025 1649; x_wconf 91' lang='lat' dir='ltr'>per</span> <span class='ocrx_word' id='word_1_45' title='bbox 1049 1565 1212 1630; x_wconf 81' lang='lat' dir='ltr'>maliciam</span> <span class='ocrx_word' id='word_1_46' title='bbox 1244 1568 1326 1628; x_wconf 89' lang='lat' dir='ltr'>tem-</span> 
     </span>
     <span class='ocr_line' id='line_1_8' title="bbox 272 1666 1326 1753; baseline 0.001 -24"><span class='ocrx_word' id='word_1_47' title='bbox 272 1666 360 1750; x_wconf 91' lang='lat' dir='ltr'>poris</span> <span class='ocrx_word' id='word_1_48' title='bbox 383 1666 437 1731; x_wconf 88' lang='lat' dir='ltr'>vel</span> <span class='ocrx_word' id='word_1_49' title='bbox 471 1690 529 1753; x_wconf 89' lang='lat' dir='ltr'>per</span> <span class='ocrx_word' id='word_1_50' title='bbox 555 1668 773 1733; x_wconf 68' lang='lat' dir='ltr'>mutationem</span> <span class='ocrx_word' id='word_1_51' title='bbox 804 1668 1014 1753; x_wconf 82' lang='lat' dir='ltr'>praelatorum</span> <span class='ocrx_word' id='word_1_52' title='bbox 1045 1668 1156 1752; x_wconf 93' lang='lat' dir='ltr'>aliquo</span> <span class='ocrx_word' id='word_1_53' title='bbox 1180 1673 1326 1751; x_wconf 76' lang='lat' dir='ltr'>tompore</span> 
     </span>
     <span class='ocr_line' id='line_1_9' title="bbox 273 1770 1326 1855; baseline -0.001 -21"><span class='ocrx_word' id='word_1_54' title='bbox 273 1770 376 1855; x_wconf 85' lang='lat' dir='ltr'>possit</span> <span class='ocrx_word' id='word_1_55' title='bbox 407 1770 540 1846; x_wconf 86' lang='lat' dir='ltr'>irritari,</span> <span class='ocrx_word' id='word_1_56' title='bbox 563 1771 701 1835; x_wconf 90' lang='lat' dir='ltr'>eandem</span> <span class='ocrx_word' id='word_1_57' title='bbox 732 1771 889 1835; x_wconf 83' lang='lat' dir='ltr'>uniformi</span> <span class='ocrx_word' id='word_1_58' title='bbox 920 1792 1053 1836; x_wconf 88' lang='lat' dir='ltr'>assensu</span> <span class='ocrx_word' id='word_1_59' title='bbox 1085 1776 1119 1834; x_wconf 91' lang='lat' dir='ltr'>et</span> <span class='ocrx_word' id='word_1_60' title='bbox 1153 1770 1326 1834; x_wconf 88' lang='lat' dir='ltr'>voluntate</span> 
     </span>
     <span class='ocr_line' id='line_1_10' title="bbox 272 1872 1326 1958; baseline -0.002 -21"><span class='ocrx_word' id='word_1_61' title='bbox 272 1877 454 1937; x_wconf 88' lang='lat' dir='ltr'>conventus</span> <span class='ocrx_word' id='word_1_62' title='bbox 476 1872 591 1949; x_wconf 86' lang='lat' dir='ltr'>nostri,</span> <span class='ocrx_word' id='word_1_63' title='bbox 626 1872 733 1958; x_wconf 85' lang='lat' dir='ltr'>sigillo</span> <span class='ocrx_word' id='word_1_64' title='bbox 766 1872 967 1938; x_wconf 90' lang='lat' dir='ltr'>humilitatis</span> <span class='ocrx_word' id='word_1_65' title='bbox 1001 1879 1123 1938; x_wconf 86' lang='lat' dir='ltr'>nostrae</span> <span class='ocrx_word' id='word_1_66' title='bbox 1158 1894 1326 1937; x_wconf 90' lang='lat' dir='ltr'>unacum</span> 
     </span>
     <span class='ocr_line' id='line_1_11' title="bbox 271 1974 1325 2060; baseline -0.001 -22"><span class='ocrx_word' id='word_1_67' title='bbox 271 1974 378 2060; x_wconf 86' lang='lat' dir='ltr'>sigillo</span> <span class='ocrx_word' id='word_1_68' title='bbox 394 1975 530 2059; x_wconf 90' lang='lat' dir='ltr'>capituli</span> <span class='ocrx_word' id='word_1_69' title='bbox 555 1975 659 2039; x_wconf 88' lang='lat' dir='ltr'>nostri</span> <span class='ocrx_word' id='word_1_70' title='bbox 683 1975 841 2040; x_wconf 84' lang='lat' dir='ltr'>duximus</span> <span class='ocrx_word' id='word_1_71' title='bbox 863 1974 1092 2040; x_wconf 89' lang='lat' dir='ltr'>roborandum.</span> <span class='ocrx_word' id='word_1_72' title='bbox 1138 1975 1265 2040; x_wconf 89' lang='lat' dir='ltr'>Datum</span> <span class='ocrx_word' id='word_1_73' title='bbox 1289 1975 1325 2037; x_wconf 92' lang='lat' dir='ltr'>in</span> 
     </span>
     <span class='ocr_line' id='line_1_12' title="bbox 271 2077 1325 2164; baseline -0.002 -21"><span class='ocrx_word' id='word_1_74' title='bbox 271 2078 415 2164; x_wconf 86' lang='lat' dir='ltr'>capitulo</span> <span class='ocrx_word' id='word_1_75' title='bbox 444 2077 687 2142; x_wconf 88' lang='lat' dir='ltr'>Malmesburiae</span> <span class='ocrx_word' id='word_1_76' title='bbox 719 2078 754 2141; x_wconf 91' lang='lat' dir='ltr'>in</span> <span class='ocrx_word' id='word_1_77' title='bbox 784 2079 868 2143; x_wconf 89' lang='lat' dir='ltr'>festo</span> <span class='ocrx_word' id='word_1_78' title='bbox 900 2078 1014 2142; x_wconf 84' lang='lat' dir='ltr'>Sancti</span> <span class='ocrx_word' id='word_1_79' title='bbox 1039 2077 1217 2142; x_wconf 87' lang='lat' dir='ltr'>Kenhelmi</span> <span class='ocrx_word' id='word_1_80' title='bbox 1239 2078 1325 2162; x_wconf 87' lang='lat' dir='ltr'>regis</span> 
     </span>
     <span class='ocr_line' id='line_1_13' title="bbox 271 2179 1191 2266; baseline 0.001 -22"><span class='ocrx_word' id='word_1_81' title='bbox 271 2183 306 2244; x_wconf 95' lang='lat' dir='ltr'>et</span> <span class='ocrx_word' id='word_1_82' title='bbox 327 2179 484 2256; x_wconf 87' lang='lat' dir='ltr'>martiris,</span> <span class='ocrx_word' id='word_1_83' title='bbox 507 2201 594 2246; x_wconf 88' lang='lat' dir='ltr'>anno</span> <span class='ocrx_word' id='word_1_84' title='bbox 617 2180 752 2246; x_wconf 90' lang='lat' dir='ltr'>Domini</span> <span class='ocrx_word' id='word_1_85' title='bbox 775 2198 852 2246; x_wconf 76' lang='lat' dir='ltr'>nice.</span> <span class='ocrx_word' id='word_1_86' title='bbox 877 2180 1074 2266; x_wconf 84' lang='lat' dir='ltr'>octogesimo</span> <span class='ocrx_word' id='word_1_87' title='bbox 1097 2201 1191 2245; x_wconf 87' lang='lat' dir='ltr'>nono.</span> 
     </span>
    </p>
   </div>
   <div class='ocr_carea' id='block_1_3' title="bbox 627 2405 955 2473">
    <p class='ocr_par' dir='ltr' id='par_1_3' title="bbox 627 2405 955 2473">
     <span class='ocr_line' id='line_1_14' title="bbox 627 2405 955 2473; baseline -0.009 -1"><span class='ocrx_word' id='word_1_88' title='bbox 627 2405 706 2473; x_wconf 75' lang='lat' dir='ltr'>Car.</span> <span class='ocrx_word' id='word_1_89' title='bbox 731 2405 955 2472; x_wconf 83' lang='lat' dir='ltr'>CCCOLIIII.</span> 
     </span>
    </p>
   </div>
   <div class='ocr_carea' id='block_1_4' title="bbox 270 2527 1322 2801">
    <p class='ocr_par' dir='ltr' id='par_1_4' title="bbox 270 2527 1322 2801">
     <span class='ocr_line' id='line_1_15' title="bbox 270 2527 1322 2606; baseline 0.001 -12"><span class='ocrx_word' id='word_1_90' title='bbox 270 2527 374 2596; x_wconf 70' lang='lat' dir='ltr'>Corte</span> <span class='ocrx_word' id='word_1_91' title='bbox 398 2529 533 2595; x_wconf 77' lang='lat' dir='ltr'>domini</span> <span class='ocrx_word' id='word_1_92' title='bbox 562 2529 722 2595; x_wconf 80' lang='lat' dir='ltr'>Willebai</span> <span class='ocrx_word' id='word_1_93' title='bbox 745 2530 882 2606; x_wconf 67' lang='lat' dir='ltr'>chloritis,</span> <span class='ocrx_word' id='word_1_94' title='bbox 906 2537 934 2595; x_wconf 84' lang='lat' dir='ltr'>et</span> <span class='ocrx_word' id='word_1_95' title='bbox 962 2535 1143 2596; x_wconf 69' lang='lat' dir='ltr'>consecras</span> <span class='ocrx_word' id='word_1_96' title='bbox 1165 2529 1322 2595; x_wconf 75' lang='lat' dir='ltr'>Meletea-</span> 
     </span>
     <span class='ocr_line' id='line_1_16' title="bbox 359 2631 1321 2719; baseline -0.001 -22"><span class='ocrx_word' id='word_1_97' title='bbox 359 2633 476 2710; x_wconf 73' lang='lat' dir='ltr'>haria’,</span> <span class='ocrx_word' id='word_1_98' title='bbox 494 2633 591 2718; x_wconf 73' lang='lat' dir='ltr'>sraela</span> <span class='ocrx_word' id='word_1_99' title='bbox 609 2633 736 2719; x_wconf 69' lang='lat' dir='ltr'>Repeto</span> <span class='ocrx_word' id='word_1_100' title='bbox 759 2633 799 2698; x_wconf 76' lang='lat' dir='ltr'>(lc</span> <span class='ocrx_word' id='word_1_101' title='bbox 823 2633 1012 2700; x_wconf 76' lang='lat' dir='ltr'>Clccrletonc</span> <span class='ocrx_word' id='word_1_102' title='bbox 1028 2633 1068 2699; x_wconf 81' lang='lat' dir='ltr'>de</span> <span class='ocrx_word' id='word_1_103' title='bbox 1083 2631 1231 2698; x_wconf 62' lang='lat' dir='ltr'>oratorio</span> <span class='ocrx_word' id='word_1_104' title='bbox 1254 2632 1321 2697; x_wconf 80' lang='lat' dir='ltr'>sihc&#39;</span> 
     </span>
     <span class='ocr_line' id='line_1_17' title="bbox 357 2735 587 2801; baseline -0.009 0"><span class='ocrx_word' id='word_1_105' title='bbox 357 2735 561 2801; x_wconf 74' lang='lat' dir='ltr'>emistrcccrul</span> <span class='ocrx_word' id='word_1_106' title='bbox 582 2788 587 2798; x_wconf 94' lang='lat'><em>.</em></span> 
     </span>
    </p>
   </div>
   <div class='ocr_carea' id='block_1_5' title="bbox 263 2865 1488 4591">
    <p class='ocr_par' dir='ltr' id='par_1_5' title="bbox 263 2865 1488 4591">
     <span class='ocr_line' id='line_1_18' title="bbox 313 2865 1446 2951; baseline -0.002 -21"><span class='ocrx_word' id='word_1_107' title='bbox 313 2865 476 2930; x_wconf 87' lang='lat' dir='ltr'>Omnibus</span> <span class='ocrx_word' id='word_1_108' title='bbox 500 2865 624 2931; x_wconf 84' lang='lat' dir='ltr'>Christi</span> <span class='ocrx_word' id='word_1_109' title='bbox 647 2866 800 2932; x_wconf 89' lang='lat' dir='ltr'>fidelibus</span> <span class='ocrx_word' id='word_1_110' title='bbox 831 2887 973 2951; x_wconf 71' lang='lat' dir='ltr'>praesens</span> <span class='ocrx_word' id='word_1_111' title='bbox 1003 2866 1162 2951; x_wconf 86' lang='lat' dir='ltr'>seriptum</span> <span class='ocrx_word' id='word_1_112' title='bbox 1192 2865 1348 2950; x_wconf 81' lang='lat' dir='ltr'>inspec-f·</span> <span class='ocrx_word' id='word_1_113' title='bbox 1361 2873 1409 2918; x_wconf 78' lang='lat'>2⁹2</span> <span class='ocrx_word' id='word_1_114' title='bbox 1422 2868 1446 2918; x_wconf 80' lang='lat' dir='ltr'>b·</span> 
     </span>
     <span class='ocr_line' id='line_1_19' title="bbox 268 2959 1474 3054; baseline -0.001 -22"><span class='ocrx_word' id='word_1_115' title='bbox 268 2969 361 3046; x_wconf 81' lang='lat' dir='ltr'>turia,</span> <span class='ocrx_word' id='word_1_116' title='bbox 398 2967 581 3032; x_wconf 90' lang='lat' dir='ltr'>Willelmus</span> <span class='ocrx_word' id='word_1_117' title='bbox 615 2968 678 3032; x_wconf 90' lang='lat' dir='ltr'>Dei</span> <span class='ocrx_word' id='word_1_118' title='bbox 716 2968 826 3054; x_wconf 85' lang='lat' dir='ltr'>gratia</span> <span class='ocrx_word' id='word_1_119' title='bbox 864 2969 965 3032; x_wconf 90' lang='lat' dir='ltr'>abbas</span> <span class='ocrx_word' id='word_1_120' title='bbox 999 2967 1251 3043; x_wconf 86' lang='lat' dir='ltr'>Malmesburiae‚</span> <span class='ocrx_word' id='word_1_121' title='bbox 1284 2973 1318 3031; x_wconf 88' lang='lat' dir='ltr'>et</span> <span class='ocrx_word' id='word_1_122' title='bbox 1331 2959 1474 3037; x_wconf 62' lang='lat' dir='ltr'>Liqenseto</span> 
     </span>
     <span class='ocr_line' id='line_1_20' title="bbox 268 3028 1447 3170; baseline 0 -36"><span class='ocrx_word' id='word_1_123' title='bbox 268 3070 413 3156; x_wconf 83' lang='lat' dir='ltr'>ejusdem</span> <span class='ocrx_word' id='word_1_124' title='bbox 446 3070 509 3135; x_wconf 91' lang='lat' dir='ltr'>loci</span> <span class='ocrx_word' id='word_1_125' title='bbox 540 3075 732 3146; x_wconf 88' lang='lat' dir='ltr'>conventus,</span> <span class='ocrx_word' id='word_1_126' title='bbox 755 3071 896 3136; x_wconf 88' lang='lat' dir='ltr'>salutem</span> <span class='ocrx_word' id='word_1_127' title='bbox 927 3075 1084 3135; x_wconf 85' lang='lat' dir='ltr'>aeternam</span> <span class='ocrx_word' id='word_1_128' title='bbox 1107 3071 1143 3133; x_wconf 89' lang='lat' dir='ltr'>in</span> <span class='ocrx_word' id='word_1_129' title='bbox 1166 3069 1316 3134; x_wconf 90' lang='lat' dir='ltr'>Domino.</span> <span class='ocrx_word' id='word_1_130' title='bbox 1330 3028 1447 3170; x_wconf 43' lang='grc' dir='ltr'>ἓξὲξ</span> 
     </span>
     <span class='ocr_line' id='line_1_21' title="bbox 268 3160 1482 3274; baseline -0.001 -38"><span class='ocrx_word' id='word_1_131' title='bbox 268 3173 410 3238; x_wconf 86' lang='lat' dir='ltr'>Noverit</span> <span class='ocrx_word' id='word_1_132' title='bbox 444 3173 642 3238; x_wconf 79' lang='lat' dir='ltr'>universitas</span> <span class='ocrx_word' id='word_1_133' title='bbox 677 3177 787 3238; x_wconf 89' lang='lat' dir='ltr'>vestra</span> <span class='ocrx_word' id='word_1_134' title='bbox 817 3195 876 3238; x_wconf 89' lang='lat' dir='ltr'>nos</span> <span class='ocrx_word' id='word_1_135' title='bbox 909 3173 1103 3238; x_wconf 88' lang='lat' dir='ltr'>concessisse</span> <span class='ocrx_word' id='word_1_136' title='bbox 1136 3169 1255 3238; x_wconf 87' lang='lat' dir='ltr'>dilecto</span> <span class='ocrx_word' id='word_1_137' title='bbox 1283 3160 1391 3273; x_wconf 53' lang='lat' dir='ltr'>etffilh</span> <span class='ocrx_word' id='word_1_138' title='bbox 1404 3161 1482 3274; x_wconf 48' lang='lat'>⁸2⁹⁰·</span> 
     </span>
     <span class='ocr_line' id='line_1_22' title="bbox 266 3241 1465 3361; baseline 0.003 -23"><span class='ocrx_word' id='word_1_139' title='bbox 266 3275 357 3340; x_wconf 90' lang='lat' dir='ltr'>fideli</span> <span class='ocrx_word' id='word_1_140' title='bbox 384 3283 497 3341; x_wconf 88' lang='lat' dir='ltr'>nostro</span> <span class='ocrx_word' id='word_1_141' title='bbox 520 3275 648 3361; x_wconf 86' lang='lat' dir='ltr'>Rogero</span> <span class='ocrx_word' id='word_1_142' title='bbox 672 3275 713 3340; x_wconf 90' lang='lat' dir='ltr'>de</span> <span class='ocrx_word' id='word_1_143' title='bbox 736 3275 933 3340; x_wconf 82' lang='lat' dir='ltr'>Cherletone</span> <span class='ocrx_word' id='word_1_144' title='bbox 965 3281 999 3339; x_wconf 91' lang='lat' dir='ltr'>et</span> <span class='ocrx_word' id='word_1_145' title='bbox 1032 3275 1207 3339; x_wconf 85' lang='lat' dir='ltr'>heredibus</span> <span class='ocrx_word' id='word_1_146' title='bbox 1241 3241 1465 3350; x_wconf 69' lang='lat' dir='ltr'>suis‚cl&gt;1lllll-⁰r</span> 
     </span>
     <span class='ocr_line' id='line_1_23' title="bbox 266 3358 1488 3476; baseline -0.001 -34"><span class='ocrx_word' id='word_1_147' title='bbox 266 3384 428 3462; x_wconf 90' lang='lat' dir='ltr'>quantum</span> <span class='ocrx_word' id='word_1_148' title='bbox 459 3379 502 3443; x_wconf 88' lang='lat' dir='ltr'>ad</span> <span class='ocrx_word' id='word_1_149' title='bbox 536 3400 595 3442; x_wconf 89' lang='lat' dir='ltr'>nos</span> <span class='ocrx_word' id='word_1_150' title='bbox 627 3378 783 3463; x_wconf 86' lang='lat' dir='ltr'>pertinet,</span> <span class='ocrx_word' id='word_1_151' title='bbox 805 3379 940 3442; x_wconf 89' lang='lat' dir='ltr'>liberam</span> <span class='ocrx_word' id='word_1_152' title='bbox 975 3378 1062 3442; x_wconf 91' lang='lat' dir='ltr'>infra</span> <span class='ocrx_word' id='word_1_153' title='bbox 1095 3382 1189 3462; x_wconf 91' lang='lat' dir='ltr'>septa</span> <span class='ocrx_word' id='word_1_154' title='bbox 1219 3358 1450 3476; x_wconf 54' lang='lat' dir='ltr'>curiaeffissffi</span> <span class='ocrx_word' id='word_1_155' title='bbox 1462 3433 1488 3476; x_wconf 81' lang='lat' dir='ltr'>to</span> 
     </span>
     <span class='ocr_line' id='line_1_24' title="bbox 266 3443 1482 3566; baseline -0.002 -23"><span class='ocrx_word' id='word_1_156' title='bbox 266 3501 335 3546; x_wconf 86' lang='lat' dir='ltr'>suae</span> <span class='ocrx_word' id='word_1_157' title='bbox 358 3481 398 3546; x_wconf 93' lang='lat' dir='ltr'>de</span> <span class='ocrx_word' id='word_1_158' title='bbox 421 3479 617 3545; x_wconf 82' lang='lat' dir='ltr'>Cherletone</span> <span class='ocrx_word' id='word_1_159' title='bbox 647 3480 782 3545; x_wconf 89' lang='lat' dir='ltr'>oratorii</span> <span class='ocrx_word' id='word_1_160' title='bbox 813 3481 953 3566; x_wconf 82' lang='lat' dir='ltr'>propriis</span> <span class='ocrx_word' id='word_1_161' title='bbox 982 3480 1170 3565; x_wconf 89' lang='lat' dir='ltr'>sumptibus</span> <span class='ocrx_word' id='word_1_162' title='bbox 1192 3478 1260 3542; x_wconf 90' lang='lat' dir='ltr'>suis</span> <span class='ocrx_word' id='word_1_163' title='bbox 1284 3483 1319 3542; x_wconf 91' lang='lat' dir='ltr'>et</span> <span class='ocrx_word' id='word_1_164' title='bbox 1329 3493 1372 3542; x_wconf 83' lang='lat' dir='ltr'>the</span> <span class='ocrx_word' id='word_1_165' title='bbox 1385 3443 1482 3543; x_wconf 65' lang='lat' dir='ltr'>molirer</span> 
     </span>
     <span class='ocr_line' id='line_1_25' title="bbox 266 3558 1432 3668; baseline -0.001 -23"><span class='ocrx_word' id='word_1_166' title='bbox 266 3583 440 3668; x_wconf 88' lang='lat' dir='ltr'>stipendiis</span> <span class='ocrx_word' id='word_1_167' title='bbox 470 3581 675 3647; x_wconf 85' lang='lat' dir='ltr'>deserviendi</span> <span class='ocrx_word' id='word_1_168' title='bbox 710 3583 996 3660; x_wconf 84' lang='lat' dir='ltr'>constructionem,</span> <span class='ocrx_word' id='word_1_169' title='bbox 1027 3581 1127 3646; x_wconf 89' lang='lat' dir='ltr'>salvis</span> <span class='ocrx_word' id='word_1_170' title='bbox 1153 3581 1189 3644; x_wconf 92' lang='lat' dir='ltr'>in</span> <span class='ocrx_word' id='word_1_171' title='bbox 1212 3558 1432 3646; x_wconf 50' lang='lat' dir='ltr'>omniyhurch.</span> 
     </span>
     <span class='ocr_line' id='line_1_26' title="bbox 265 3683 1316 3772; baseline 0.001 -23"><span class='ocrx_word' id='word_1_172' title='bbox 265 3686 336 3766; x_wconf 88' lang='lat' dir='ltr'>bus,</span> <span class='ocrx_word' id='word_1_173' title='bbox 359 3693 394 3752; x_wconf 91' lang='lat' dir='ltr'>et</span> <span class='ocrx_word' id='word_1_174' title='bbox 416 3686 614 3772; x_wconf 88' lang='lat' dir='ltr'>peremnia,</span> <span class='ocrx_word' id='word_1_175' title='bbox 634 3685 710 3771; x_wconf 92' lang='lat' dir='ltr'>jure</span> <span class='ocrx_word' id='word_1_176' title='bbox 734 3689 768 3750; x_wconf 90' lang='lat' dir='ltr'>et</span> <span class='ocrx_word' id='word_1_177' title='bbox 790 3685 1032 3770; x_wconf 89' lang='lat' dir='ltr'>indempnitate</span> <span class='ocrx_word' id='word_1_178' title='bbox 1055 3685 1201 3752; x_wconf 88' lang='lat' dir='ltr'>matricis</span> <span class='ocrx_word' id='word_1_179' title='bbox 1217 3683 1316 3750; x_wconf 89' lang='lat' dir='ltr'>eccle-</span> 
     </span>
     <span class='ocr_line' id='line_1_27' title="bbox 264 3785 1317 3873; baseline 0 -21"><span class='ocrx_word' id='word_1_180' title='bbox 264 3788 322 3853; x_wconf 89' lang='lat' dir='ltr'>siae</span> <span class='ocrx_word' id='word_1_181' title='bbox 353 3788 484 3854; x_wconf 88' lang='lat' dir='ltr'>Sanctae</span> <span class='ocrx_word' id='word_1_182' title='bbox 515 3787 630 3852; x_wconf 86' lang='lat' dir='ltr'>Mariae</span> <span class='ocrx_word' id='word_1_183' title='bbox 664 3787 701 3850; x_wconf 92' lang='lat' dir='ltr'>in</span> <span class='ocrx_word' id='word_1_184' title='bbox 724 3785 920 3873; x_wconf 89' lang='lat' dir='ltr'>Westeport‚</span> <span class='ocrx_word' id='word_1_185' title='bbox 944 3792 979 3851; x_wconf 89' lang='lat' dir='ltr'>et</span> <span class='ocrx_word' id='word_1_186' title='bbox 1010 3787 1144 3872; x_wconf 85' lang='lat' dir='ltr'>capellae</span> <span class='ocrx_word' id='word_1_187' title='bbox 1175 3809 1244 3852; x_wconf 83' lang='lat' dir='ltr'>suae</span> <span class='ocrx_word' id='word_1_188' title='bbox 1276 3787 1317 3852; x_wconf 90' lang='lat' dir='ltr'>de</span> 
     </span>
     <span class='ocr_line' id='line_1_28' title="bbox 266 3887 1317 3974; baseline 0 -20"><span class='ocrx_word' id='word_1_189' title='bbox 266 3887 469 3955; x_wconf 83' lang='lat' dir='ltr'>Cherletone.</span> <span class='ocrx_word' id='word_1_190' title='bbox 516 3889 623 3969; x_wconf 79' lang='lat' dir='ltr'>Quam</span> <span class='ocrx_word' id='word_1_191' title='bbox 647 3888 780 3973; x_wconf 90' lang='lat' dir='ltr'>quidem</span> <span class='ocrx_word' id='word_1_192' title='bbox 804 3889 971 3955; x_wconf 89' lang='lat' dir='ltr'>ecclesiam</span> <span class='ocrx_word' id='word_1_193' title='bbox 995 3911 1069 3954; x_wconf 88' lang='lat' dir='ltr'>cum</span> <span class='ocrx_word' id='word_1_194' title='bbox 1092 3889 1161 3953; x_wconf 90' lang='lat' dir='ltr'>suis</span> <span class='ocrx_word' id='word_1_195' title='bbox 1183 3889 1317 3974; x_wconf 83' lang='lat' dir='ltr'>capellis</span> 
     </span>
     <span class='ocr_line' id='line_1_29' title="bbox 264 3991 1317 4079; baseline 0 -23"><span class='ocrx_word' id='word_1_196' title='bbox 264 3993 300 4057; x_wconf 93' lang='lat' dir='ltr'>in</span> <span class='ocrx_word' id='word_1_197' title='bbox 331 3993 479 4079; x_wconf 90' lang='lat' dir='ltr'>proprios</span> <span class='ocrx_word' id='word_1_198' title='bbox 514 4013 592 4056; x_wconf 90' lang='lat' dir='ltr'>usus</span> <span class='ocrx_word' id='word_1_199' title='bbox 625 3992 768 4057; x_wconf 88' lang='lat' dir='ltr'>retinere</span> <span class='ocrx_word' id='word_1_200' title='bbox 798 3992 1006 4057; x_wconf 88' lang='lat' dir='ltr'>dinoscimur.</span> <span class='ocrx_word' id='word_1_201' title='bbox 1054 3991 1088 4056; x_wconf 89' lang='lat' dir='ltr'>Is</span> <span class='ocrx_word' id='word_1_202' title='bbox 1118 4002 1230 4056; x_wconf 86' lang='lat' dir='ltr'>antem</span> <span class='ocrx_word' id='word_1_203' title='bbox 1258 3992 1317 4078; x_wconf 90' lang='lat' dir='ltr'>qui</span> 
     </span>
     <span class='ocr_line' id='line_1_30' title="bbox 264 4094 1316 4181; baseline 0 -22"><span class='ocrx_word' id='word_1_204' title='bbox 264 4097 299 4159; x_wconf 89' lang='lat' dir='ltr'>in</span> <span class='ocrx_word' id='word_1_205' title='bbox 334 4097 446 4160; x_wconf 88' lang='lat' dir='ltr'>eodem</span> <span class='ocrx_word' id='word_1_206' title='bbox 479 4096 623 4159; x_wconf 87' lang='lat' dir='ltr'>oratorio</span> <span class='ocrx_word' id='word_1_207' title='bbox 649 4094 751 4160; x_wconf 86' lang='lat' dir='ltr'>fuerit</span> <span class='ocrx_word' id='word_1_208' title='bbox 787 4117 848 4180; x_wconf 88' lang='lat' dir='ltr'>pro</span> <span class='ocrx_word' id='word_1_209' title='bbox 878 4101 1025 4181; x_wconf 88' lang='lat' dir='ltr'>tempore</span> <span class='ocrx_word' id='word_1_210' title='bbox 1059 4095 1316 4172; x_wconf 87' lang='lat' dir='ltr'>ministraturus,</span> 
     </span>
     <span class='ocr_line' id='line_1_31' title="bbox 264 4196 1314 4283; baseline 0 -21"><span class='ocrx_word' id='word_1_211' title='bbox 264 4203 342 4262; x_wconf 90' lang='lat' dir='ltr'>ante</span> <span class='ocrx_word' id='word_1_212' title='bbox 365 4197 476 4262; x_wconf 90' lang='lat' dir='ltr'>omnia</span> <span class='ocrx_word' id='word_1_213' title='bbox 509 4197 704 4262; x_wconf 88' lang='lat' dir='ltr'>fidelitatem</span> <span class='ocrx_word' id='word_1_214' title='bbox 737 4196 778 4261; x_wconf 90' lang='lat' dir='ltr'>dc</span> <span class='ocrx_word' id='word_1_215' title='bbox 812 4197 979 4283; x_wconf 87' lang='lat' dir='ltr'>praedictae</span> <span class='ocrx_word' id='word_1_216' title='bbox 1011 4198 1155 4264; x_wconf 85' lang='lat' dir='ltr'>ccclesiae</span> <span class='ocrx_word' id='word_1_217' title='bbox 1183 4197 1314 4262; x_wconf 84' lang='lat' dir='ltr'>Sanctae</span> 
     </span>
     <span class='ocr_line' id='line_1_32' title="bbox 263 4299 1315 4385; baseline 0 -21"><span class='ocrx_word' id='word_1_218' title='bbox 263 4300 379 4364; x_wconf 86' lang='lat' dir='ltr'>Mariae</span> <span class='ocrx_word' id='word_1_219' title='bbox 410 4299 450 4364; x_wconf 88' lang='lat' dir='ltr'>de</span> <span class='ocrx_word' id='word_1_220' title='bbox 479 4299 675 4384; x_wconf 89' lang='lat' dir='ltr'>Westeport‚</span> <span class='ocrx_word' id='word_1_221' title='bbox 707 4303 741 4363; x_wconf 90' lang='lat' dir='ltr'>et</span> <span class='ocrx_word' id='word_1_222' title='bbox 775 4299 909 4385; x_wconf 86' lang='lat' dir='ltr'>capellae</span> <span class='ocrx_word' id='word_1_223' title='bbox 940 4322 1009 4364; x_wconf 84' lang='lat' dir='ltr'>suae</span> <span class='ocrx_word' id='word_1_224' title='bbox 1042 4301 1084 4364; x_wconf 89' lang='lat' dir='ltr'>de</span> <span class='ocrx_word' id='word_1_225' title='bbox 1119 4299 1315 4366; x_wconf 83' lang='lat' dir='ltr'>Cherletone</span> 
     </span>
     <span class='ocr_line' id='line_1_33' title="bbox 263 4399 1314 4487; baseline 0.001 -23"><span class='ocrx_word' id='word_1_226' title='bbox 263 4401 505 4486; x_wconf 90' lang='lat' dir='ltr'>indempnitate</span> <span class='ocrx_word' id='word_1_227' title='bbox 520 4401 692 4486; x_wconf 68' lang='lat' dir='ltr'>praestabit</span> <span class='ocrx_word' id='word_1_228' title='bbox 703 4399 731 4479; x_wconf 81' lang='grc'>;1</span> <span class='ocrx_word' id='word_1_229' title='bbox 755 4401 918 4477; x_wconf 90' lang='lat' dir='ltr'>videlicet,</span> <span class='ocrx_word' id='word_1_230' title='bbox 941 4401 1029 4487; x_wconf 88' lang='lat' dir='ltr'>quod</span> <span class='ocrx_word' id='word_1_231' title='bbox 1046 4423 1173 4486; x_wconf 87' lang='lat' dir='ltr'>eaquae</span> <span class='ocrx_word' id='word_1_232' title='bbox 1189 4401 1232 4466; x_wconf 87' lang='lat' dir='ltr'>ad</span> <span class='ocrx_word' id='word_1_233' title='bbox 1248 4401 1314 4465; x_wconf 90' lang='lat' dir='ltr'>dic-</span> 
     </span>
     <span class='ocr_line' id='line_1_34' title="bbox 263 4503 1313 4591; baseline -0.001 -23"><span class='ocrx_word' id='word_1_234' title='bbox 263 4509 336 4568; x_wconf 90' lang='lat' dir='ltr'>tum</span> <span class='ocrx_word' id='word_1_235' title='bbox 359 4503 538 4569; x_wconf 90' lang='lat' dir='ltr'>oratorium</span> <span class='ocrx_word' id='word_1_236' title='bbox 561 4503 764 4581; x_wconf 89' lang='lat' dir='ltr'>obvenerint,</span> <span class='ocrx_word' id='word_1_237' title='bbox 788 4525 862 4591; x_wconf 85' lang='lat' dir='ltr'>quae</span> <span class='ocrx_word' id='word_1_238' title='bbox 889 4505 930 4568; x_wconf 90' lang='lat' dir='ltr'>de</span> <span class='ocrx_word' id='word_1_239' title='bbox 960 4505 1035 4590; x_wconf 89' lang='lat' dir='ltr'>jure</span> <span class='ocrx_word' id='word_1_240' title='bbox 1067 4503 1247 4591; x_wconf 89' lang='lat' dir='ltr'>parochiali</span> <span class='ocrx_word' id='word_1_241' title='bbox 1270 4503 1313 4567; x_wconf 91' lang='lat' dir='ltr'>ad</span> 
     </span>
    </p>
   </div>
   <div class='ocr_carea' id='block_1_6' title="bbox 262 4604 1313 4692">
    <p class='ocr_par' dir='ltr' id='par_1_6' title="bbox 262 4604 1313 4692">
     <span class='ocr_line' id='line_1_35' title="bbox 262 4604 1313 4692; baseline -0.004 -21"><span class='ocrx_word' id='word_1_242' title='bbox 262 4606 455 4692; x_wconf 82' lang='lat' dir='ltr'>praedictam</span> <span class='ocrx_word' id='word_1_243' title='bbox 487 4605 654 4672; x_wconf 86' lang='lat' dir='ltr'>ecclesiam</span> <span class='ocrx_word' id='word_1_244' title='bbox 688 4605 866 4692; x_wconf 89' lang='lat' dir='ltr'>pertinent,</span> <span class='ocrx_word' id='word_1_245' title='bbox 898 4627 972 4670; x_wconf 90' lang='lat' dir='ltr'>eum</span> <span class='ocrx_word' id='word_1_246' title='bbox 1011 4612 1083 4670; x_wconf 88' lang='lat' dir='ltr'>tota</span> <span class='ocrx_word' id='word_1_247' title='bbox 1120 4604 1313 4690; x_wconf 85' lang='lat' dir='ltr'>integritate</span> 
     </span>
    </p>
   </div>
   <div class='ocr_carea' id='block_1_7' title="bbox 594 4804 982 4882">
    <p class='ocr_par' dir='ltr' id='par_1_7' title="bbox 594 4804 982 4882">
     <span class='ocr_line' id='line_1_36' title="bbox 594 4804 982 4882; baseline 0.008 -16"><span class='ocrx_word' id='word_1_248' title='bbox 594 4813 602 4849; x_wconf 91' lang='lat'><strong>¹</strong></span> <span class='ocrx_word' id='word_1_249' title='bbox 612 4815 758 4882; x_wconf 76' lang='lat' dir='ltr'>praeludit]</span> <span class='ocrx_word' id='word_1_250' title='bbox 764 4852 771 4877; x_wconf 92' lang='lat'>,</span> <span class='ocrx_word' id='word_1_251' title='bbox 782 4804 874 4882; x_wconf 68' lang='lat' dir='ltr'>piabit,</span> <span class='ocrx_word' id='word_1_252' title='bbox 885 4815 912 4866; x_wconf 90' lang='lat' dir='ltr'>in</span> <span class='ocrx_word' id='word_1_253' title='bbox 925 4815 982 4869; x_wconf 78' lang='lat' dir='ltr'>MS.</span> 
     </span>
    </p>
   </div>
   <div class='ocr_carea' id='block_1_8' title="bbox 0 0 1766 5808">
    <p class='ocr_par' dir='ltr' id='par_1_8' title="bbox 0 0 1766 5808">
     <span class='ocr_line' id='line_1_37' title="bbox 0 0 1766 5808; baseline 0 5"><span class='ocrx_word' id='word_1_254' title='bbox 0 0 1766 5808; x_wconf 95' lang='lat' dir='ltr'> </span> 
     </span>
    </p>
   </div>
  </div>
 </body>
</html>
