3524 5808
535 889 732 956 nscrsrnvn
755 889 1076 940 nannessvmrrsn
1263 879 1329 942 329

279 1071 371 1136 tione
393 1076 428 1136 st
451 1070 622 1138 demanda.
668 1071 778 1140 Salvis
810 1073 921 1140 liberis
953 1073 1050 1161 burgi
1084 1073 1329 1142 consuetudini·

281 1179 343 1244 bus
365 1179 488 1246 debitis
511 1184 546 1246 et
575 1181 750 1250 consuetis.
796 1181 951 1248 Praedicti
985 1203 1062 1248 vero
1093 1181 1264 1248 Johannes
1295 1189 1330 1249 et

279 1280 432 1360 Issbella,
465 1287 500 1348 et
530 1282 666 1350 heredes
699 1303 820 1362 eorum,
867 1287 973 1350 totam
1012 1288 1141 1370 partem
1178 1283 1329 1370 praedicti

278 1384 460 1450 tenementi
495 1385 584 1470 quod
606 1385 649 1451 sd
672 1407 732 1452 nos
755 1385 909 1472 pertinet,
933 1391 967 1452 et
989 1386 1091 1452 etiam
1114 1386 1270 1452 celarium
1294 1391 1329 1452 et

278 1485 444 1567 solarium,
467 1487 504 1552 in
526 1509 565 1554 eo
600 1491 692 1554 statu
726 1509 792 1573 quo
826 1509 864 1554 ea
887 1493 1088 1574 receperunt,
1111 1489 1166 1554 vel
1192 1489 1329 1569 meliori,

278 1589 347 1654 suis
369 1589 511 1676 propriis
534 1591 723 1676 sumptibus
745 1591 968 1658 sustinebunt.
1014 1591 1086 1658 Nec
1119 1591 1218 1660 liccat
1244 1613 1327 1678 prae-

278 1691 376 1758 dictis
406 1691 554 1760 Johanni
587 1699 622 1759 ot
660 1693 811 1760 Issbelloe
844 1699 905 1760 sut
936 1694 1113 1760 heredibus
1144 1694 1212 1759 suis
1244 1717 1328 1780 pree·

278 1794 401 1862 dietam
434 1800 562 1881 partem
596 1795 747 1882 prmdicti
782 1796 972 1875 tenementi,
994 1818 1052 1862 seu
1084 1796 1240 1864 celarium
1273 1796 1358 1870 vols,
1371 1823 1418 1872 οπο
1431 1819 1454 1870 ο,

277 1895 444 1975 minium,
465 1897 566 1964 alicui
589 1899 668 1965 dere
690 1899 745 1964 vel
768 1899 919 1976 vendere,
943 1899 1122 1976 invadiare,
1146 1899 1200 1965 vel
1215 1898 1327 1985 aliquo

277 1999 375 2065 modo
405 1998 549 2066 sienne
571 2001 643 2066 sine
674 2021 809 2066 assensu
841 2008 876 2066 et
908 2001 1083 2067 voluntate
1113 2005 1235 2067 nostre.
1281 1999 1327 2067 Et

276 2120 337 2166 nos
359 2105 394 2166 et
416 2121 615 2168 successores
646 2103 752 2168 nostri
786 2101 980 2187 praedictam
1011 2107 1141 2188 partem
1174 2102 1326 2189 praedicti

275 2201 457 2269 tenementi
479 2224 555 2270 cum
577 2203 745 2289 predictis
767 2203 886 2270 celario
909 2209 944 2270 et
965 2203 1092 2283 solorio,
1116 2209 1151 2270 et
1172 2204 1326 2270 omnibus

275 2303 351 2370 aliis
384 2305 595 2390 pertinentiis
627 2305 704 2384 suis,
727 2306 895 2392 praedict'is
917 2305 1065 2373 Johenni
1096 2311 1132 2372 ct
1165 2305 1325 2383 Isabellee,

275 2411 310 2471 et
331 2406 507 2474 heredibus
541 2427 662 2485 eorum,
686 2412 800 2474 contro
830 2429 942 2474 omnes
976 2407 1131 2474 mortales
1163 2407 1326 2494 imperpe-

274 2513 370 2572 tuum
393 2509 692 2576 warantizabimus.
739 2510 781 2574 In
804 2511 898 2596 cujus
917 2500 978 2576 'rei
1004 2509 1233 2576 testimonium
1264 2509 1326 2576 hoc

274 2609 435 2694 scriptum
458 2610 654 2696 bipertitum
677 2611 765 2676 inter
788 2632 847 2676 nos
871 2616 920 2676 cst
943 2611 1136 2690 confectum,
1152 2617 1187 2676 et
1209 2611 1325 2696 sigillis

275 2711 396 2778 nostris
418 2712 609 2779 alternatim
631 2712 785 2799 appensis
808 2713 1004 2780 roboratum.
1051 2713 1128 2778 Hiis
1151 2714 1300 2779 testibus.

626 2991 708 3058 ΟΑΡ.
732 2991 973 3060 OGOOXLIII.

276 3141 382 3210 Carta
406 3143 536 3212 abbatis
566 3151 594 3210 et
626 3152 805 3212 cocosates
829 3144 942 3232 sacto-
957 3143 1109 3212 Ricardo
1140 3143 1324 3213 minoen

575 3247 616 3315 dc
638 3247 792 3336 quodam
814 3247 1035 3315 credibiliores.1

318 3402 494 3468 Universis
518 3401 644 3468 Christi
667 3402 821 3468 fidelibus
844 3423 988 3488 praesens
1009 3402 1205 3487 scriptum
1196 3423 1322 3488 mspec-
1336 3414 1467 3542 &nutes

274 3505 368 3582 turis,
403 3504 589 3570 Willelmus
627 3503 691 3570 Dei
724 3503 834 3589 gratis
866 3503 969 3570 abbas
1003 3502 1254 3584 Malmesburiae,
1288 3506 1393 3609 etp'ff‘ie

272 3607 420 3690 ejusdem
459 3607 522 3674 loci
559 3611 751 3684 conventus,
782 3605 961 3672 salutem'
952 3627 988 3670 m
1025 3605 1168 3672 Domino
1203 3609 1349 3693 sempi·(
1334 3557 1418 3688 (lady

273 3717 411 3774 ternam.
480 3709 623 3775 Noverit
656 3707 856 3774 universitas
888 3712 1000 3774 vestra
1033 3730 1093 3775 nos
1127 3691 1474 3818 mnosssissessggssffl}

273 3810 414 3878 Ricsrdo
437 3811 625 3878 Servisable
648 3811 740 3877 illam
763 3809 1004 3876 exhibitionem
1027 3811 1067 3876 de
1090 3811 1188 3877 domo
1209 3817 1346 3879 nostrsa
1347 3837 1426 3873 oven
1427 3823 1477 3874 tol

273 3913 413 3998 singnrlis
436 3912 553 3978 diebus
576 3933 678 3998 quam
708 3913 767 3978 diu
791 3911 916 3977 vixerit
945 3911 1199 4027 percipiendam,
1222 3891 1404 3999 quomthen
1389 3891 1480 3957 crecy.

272 4014 430 4098 magister
452 4013 640 4079 Willelmus
670 4014 711 4080 de
742 4013 959 4100 Entayllur'
950 4034 987 4078 m
1012 4014 1186 4082 refectorio
1208 4022 1322 4084 nostro

271 4115 436 4201 percipere
458 4115 639 4183 consuevit.
685 4115 856 4192 Videlicet,
872 4135 976 4180 unum
998 4137 1118 4202 ponem
1140 4125 1321 4186 conventu-

270 4218 356 4284 alem
388 4223 423 4284 et
454 4239 555 4284 unam
585 4219 713 4304 justam
744 4217 890 4284 servisiae
921 4219 1157 4286 conventualis
1227 4221 1320 4288 Idem

270 4342 349 4388 vero
372 4321 532 4388 Ricardus
555 4321 619 4388 erit
641 4321 678 4386 in
699 4321 803 4386 libem
825 4320 964 4388 servicio
986 4325 1107 4398 nostro,
1122 4328 1157 4388 et
1179 4323 1320 4390 lidsliter

270 4423 365 4489 nobis
388 4423 511 4488 serviet
531 4423 568 4487 in
590 4421 670 4490 locis
693 4421 752 4487 ubi
774 4421 883 4508 ipsum
906 4443 1027 4507 ponere
1048 4421 1259 4501 voluerimus,
1285 4431 1320 4489 et

268 4524 363 4590 nobis
395 4529 431 4590 et
461 4524 604 4590 ecclesiae
635 4529 758 4590 nostrae
789 4521 907 4588 melius
941 4523 1097 4641 expedire
1129 4525 1318 4591 viderimus

269 4627 341 4694 Nec
372 4627 460 4692 idem
492 4627 652 4694 Ricardus
678 4649 699 4692 a
730 4627 869 4694 servicio
897 4633 1011 4693 nostro
1043 4628 1113 4694 sine
1145 4627 1319 4698 voluntate

974 4743 1278 4752 *⁸*M-*u

552 4745 721 4829 ῑοτΙιίὸέιποπο
676 4780 799 4845 circ],ern
758 4778 924 4838 exibiticnde
926 4780 1012 4830 n.MS
