3584 5810
711 883 889 932 srrsnnrx
914 883 934 932 1.
1289 869 1352 932 381

302 1119 402 1186 Breve
436 1119 573 1186 alemini
596 1119 683 1204 repis
706 1120 902 1208 naucerus]
930 1121 1097 1189 directum
1119 1123 1250 1190 custodi
1273 1121 1386 1190 ciui-f·
1400 1137 1438 1186 12.

391 1221 474 1287 ictis
516 1221 704 1289 Londona'cc
729 1230 811 1308 'pro
850 1223 948 1288 cimaco
986 1247 1092 1312 qaam
1130 1225 1279 1310 Rogeras
1316 1225 1356 1290 de

391 1321 555 1389 noestam
593 1323 714 1408 legavit
760 1321 874 1390 sabboti
912 1331 941 1389 er
983 1326 1162 1392 concentui
1199 1325 1356 1393 Mobaes-

393 1425 511 1492 burim.

348 1565 532 1632 Edwardus
554 1565 618 1632 Dei
651 1567 762 1652 gratia
791 1589 851 1633 rex
874 1569 1013 1654 Angliaa,
1049 1569 1202 1634 dominus
1225 1570 1357 1656 Hyber·
1370 1571 1476 1623 wristo

302 1667 367 1732 niae
393 1673 428 1734 et
451 1669 520 1734 dux
542 1668 745 1753 Aquitaniae,
767 1670 896 1736 custodi
921 1670 1070 1738 civitatis
1085 1693 1153 1736 susc
1170 1672 1357 1751 Londoniss,
1371 1638 1527 1756 ppfflpnn

302 1769 452 1836 salutem.
500 1771 587 1852 Quia
610 1777 740 1838 constat
765 1772 861 1838 nobis
891 1795 951 1859 per
985 1774 1222 1860 inspectionem
1256 1779 1357 1840 testa·
1370 1779 1397 1820 ²⁰
1410 1772 1484 1821 ³¹¹⁰w

302 1873 408 1938 menti
446 1873 567 1959 Rogeri
599 1873 640 1939 de
673 1873 845 1951 Evesham,
880 1874 988 1961 sigillo
1015 1876 1212 1942 venerabilis
1253 1877 1357 1962 patris
1370 1837 1508 1954 ffieffley

305 1973 466 2059 R[adulfi]
505 1973 740 2060 Norwycensis
779 1976 922 2062 episcopi
970 1977 1104 2064 signati,
1143 1979 1231 2064 quod
1269 1979 1356 2044 idem
1370 1969 1513 2048 possession

304 2077 451 2162 Rogerus
475 2098 579 2141 unum
598 2079 804 2164 mesuagium
827 2079 863 2144 in
886 2079 1042 2164 parochia
1057 2080 1187 2146 Sanctae
1203 2081 1357 2168 Brigidse,
1370 2037 1507 2154 iiiiina

304 2179 340 2242 in
363 2179 521 2244 suburbio
544 2179 733 2258 Londonise,
760 2180 889 2247 dilectis
912 2183 1007 2247 nobis
1031 2182 1068 2246 in
1090 2182 1223 2248 Christo
1245 2185 1358 2250 abbati
1372 2171 1439 2284 palem
1453 2171 1480 2286 ig

304 2279 344 2346 de
357 2280 599 2359 Malmcsburia,
617 2286 651 2346 et
667 2283 813 2368 ejusdem
830 2283 894 2348 loci
910 2285 1097 2362 conventui,
1109 2286 1211 2369 juxta
1224 2307 1358 2352 consue·
1374 2245 1462 2352 aiii.
1478 2243 1497 2290 t.

303 2382 457 2448 tudinem
473 2383 621 2450 civitatis
636 2385 804 2470 praedictae
819 2385 856 2448 in
871 2386 985 2450 eodem
1001 2390 1201 2452 testamento
1215 2373 1448 2474 legavis;1²⁹²·

304 2489 338 2550 et
361 2505 421 2549 nos
437 2484 559 2561 eisdem
583 2485 697 2551 abbati
712 2491 747 2552 et
762 2486 942 2552 conventui
957 2488 1183 2568 concessimus,
1199 2485 1361 2573 quantum

303 2586 341 2650 in
362 2585 458 2650 nobis
490 2590 548 2664 est,
572 2587 660 2671 quod
684 2587 748 2673 ipsi
771 2589 975 2674 mesuagium
999 2588 1092 2666 illud,
1119 2610 1187 2655 non
1209 2591 1363 2656 obstante

304 2693 431 2754 statuto
454 2687 504 2754 De
530 2688 631 2753 terris
664 2695 694 2755 et
729 2689 924 2756 tabescentis
947 2690 994 2756 od
1015 2712 1165 2758 omnam
1189 2699 1364 2758 nrortuons

304 2811 377 2856 nora
395 2788 567 2875 portendis
582 2788 681 2868 edito,
704 2789 832 2876 ingredi
856 2791 1001 2877 possint;
1023 2791 1213 2858 habendum
1236 2799 1271 2860 et
1291 2799 1364 2860 ten-

306 2892 426 2957 endum
449 2891 514 2955 sibi
531 2895 565 2955 et
587 2891 826 2958 successoribus
842 2893 911 2958 suis
933 2893 1199 2980 imperpetuum
1222 2917 1288 2974 vos,
1304 2917 1363 2981 pro

307 3015 345 3060 eo
368 2993 456 3079 quod
479 2991 627 3078 sigillum
650 2993 803 3078 praedicti
826 2995 947 3081 Rogeri
969 3000 1171 3062 testamento
1205 2997 1364 3083 praedicto

276 3101 277 3104 ’
306 3116 373 3161 non
397 3100 448 3160 est
481 3115 673 3181 appensum,
696 3095 873 3181 praedictos
906 3096 1061 3162 abbatem
1096 3103 1131 3162 et
1164 3103 1364 3164 conventum

200 3261 206 3274 ,
306 3196 512 3283 mesuagium
554 3195 638 3260 iilud
676 3196 806 3284 ingredi
839 3195 1009 3284 hucusque
1054 3220 1122 3263 non
1160 3199 1365 3285 permisistis,

307 3301 393 3366 sicut
416 3305 567 3386 exparte
591 3299 737 3385 ipsorum
760 3299 891 3366 abbatis
907 3305 942 3367 ct
971 3306 1154 3367 conventus
1184 3302 1281 3367 nobis
1315 3308 1365 3367 est

307 3407 498 3482 ostensum3
520 3401 671 3468 volentes
694 3402 817 3468 eisdem
833 3402 948 3468 abbati
972 3407 1005 3469 et
1022 3406 1201 3470 conventui
1221 3405 1364 3491 gratiam

306 3504 413 3570 facere
441 3503 624 3590 specialem,
648 3504 743 3569 vobis
775 3503 971 3569 mandamus
995 3505 1184 3590 quodlicet
1219 3506 1364 3593 sigillum

307 3604 459 3690 praedicti
482 3604 603 3691 Rogeri
626 3608 825 3670 testamento
848 3605 1016 3690 predicto,
1032 3610 1072 3669 ut
1087 3606 1283 3691 praedictum
1307 3613 1365 3685 cst,

308 3728 375 3772 non
397 3705 499 3772 fuerit
521 3727 711 3792 appensum,
735 3707 911 3792 praedictos
934 3711 1047 3772 tamen
1070 3709 1225 3774 abbatem
1240 3713 1275 3775 et
1289 3731 1366 3775 con-

308 3813 447 3874 ventum
485 3808 691 3895 mesuagium
729 3807 813 3872 iilud
846 3809 947 3896 juxta
990 3815 1136 3875 tenorem
1174 3812 1366 3877 testamenti

308 3909 468 3997 praedicti,
500 3915 535 3975 et
568 3910 782 3977 concessionis
814 3911 936 3976 nostrae
969 3911 1144 3997 praedicta,
1169 3912 1298 4000 ingredi
1333 3919 1367 3978 et

309 4018 421 4078 tenere
437 4013 647 4098 permittatis.
688 4013 784 4079 Teste
799 4035 851 4078 me
867 4013 939 4100 ipso
954 4013 1044 4100 apud
1059 4012 1205 4095 Westm,
1224 4017 1366 4084 secundo

310 4115 363 4182 die
386 4115 567 4194 Februarii,
589 4135 676 4184 anno
699 4116 792 4204 regni
816 4117 921 4183 nostri
944 4115 1109 4186 vicesimo.

313 4315 416 4382 Ousia
447 4317 595 4404 ejusdcm
616 4318 704 4403 repis
737 4319 936 4406 ffidwordc‘]
962 4319 1058 4408 focio
1093 4319 1260 4388 sabbatier
1290 4345 1367 4390 oon·

391 4422 509 4488 cantui
531 4421 784 4490 Mcdrnesbarice
806 4423 846 4489 de
869 4424 984 4490 eodem
1007 4423 1105 4490 docto
1128 4425 1282 4491 tenendo.
1378 4477 1423 4528 Mo
1425 4479 1517 4530 smain

278 4577 281 4582 ’
355 4576 540 4642 Edwardus
573 4575 638 4641 Dei
661 4577 769 4662 gratia
800 4597 859 4641 rex
889 4575 1028 4662 Angliae,
1056 4575 1209 4641 dominus
1233 4576 1364 4662 Hyber-
1377 4544 1511 4661 ffifffiem

311 4679 376 4744 niae
405 4684 440 4744 et
473 4679 543 4743 dux
567 4679 769 4764 Aquitaniae,
796 4679 949 4744 omnibus
992 4678 1035 4743 ad
1070 4697 1151 4763 quos
1186 4677 1530 4764 prasentessaidhoua

313 4782 435 4848 litterae
458 4782 677 4867 pervenerint,
701 4781 850 4846 salutem.
897 4781 990 4848 Licet
1013 4782 1054 4846 de
1076 4783 1243 4848 communi
1258 4783 1363 4849 oonsi-
1376 4745 1485 4861 {iiim
