3526 5810
445 857 510 920 268
698 855 899 921 accursum
923 871 1246 920 uanuasaoamnsn

769 1119 850 1185 Gar.
875 1115 1185 1184 CCCLXXXVIII.

475 1271 579 1336 Cotto
615 1269 746 1336 otholia
784 1277 814 1337 et
852 1276 1034 1336 convectas
1082 1267 1336 1336 Mamaeum
1370 1269 1468 1356 focio

680 1373 682 1378 ’
745 1370 904 1438 Jotacct
922 1369 962 1435 cle
990 1366 1198 1436 octoadem.

295 1547 303 1580 ι
349 1545 378 1580 cr
488 1523 661 1588 Universis
686 1521 810 1587 Christi
836 1521 990 1586 fidelibus
1013 1543 1156 1607 praesens
1183 1521 1342 1606 scriptum
1376 1521 1497 1584 visuris

445 1623 495 1689 vel
528 1624 701 1700 audituris,
749 1623 934 1688 Willelmus
969 1622 1033 1687 Dei
1070 1623 1179 1709 gratia
1209 1623 1312 1686 abbas
1345 1621 1494 1686 Malmes-

443 1726 556 1802 burice,
579 1731 613 1791 et
636 1726 781 1810 ejusdem
806 1725 868 1790 loci
892 1729 1084 1802 conventus,
1108 1723 1251 1788 salutem
1275 1729 1435 1789 aetemam
1461 1722 1495 1787 in

443 1828 594 1893 Domino.
641 1828 727 1908 Quia
750 1826 919 1892 Johannes
943 1827 983 1890 de
1008 1825 1215 1892 Ohiverdene
1238 1847 1280 1890 cx
1304 1847 1394 1890 mera
1417 1825 1497 1890 libe·

443 1930 575 1994 ralitate
603 1952 663 1994 sua
694 1928 789 1994 nobis
812 1927 979 2004 concessit,
1003 1929 1092 2013 quod
1115 1929 1227 1993 decern
1251 1933 1285 1992 et
1308 1933 1381 1993 octo
1404 1947 1496 1992 acras

448 2037 540 2096 terrae
563 2052 623 2094 nos
645 2030 681 2093 in
727 2030 763 2095 lo
788 2030 986 2094 Rouomcrsc
1009 2030 1045 2092 in
1068 2035 1162 2115 parte
1193 2029 1331 2093 australi
1364 2035 1399 2093 et
1429 2029 1494 2093 ori-

444 2131 547 2195 entali
569 2131 609 2195 de
642 2131 675 2196 la
706 2131 891 2198 Groscrofte
926 2130 966 2195 de
999 2130 1227 2196 Foueleswike
1259 2132 1497 2216 contingentes,

444 2255 511 2298 una
544 2255 619 2298 oum
651 2234 815 2299 sexdecim
849 2233 933 2298 acris
967 2239 1064 2297 terrac
1102 2233 1236 2297 arabilis
1274 2254 1348 2324 quae
1379 2233 1494 2317 jacent·

443 2335 531 2399 inter
545 2341 667 2400 terram
685 2333 841 2399 Willelmi
856 2336 897 2399 de
917 2334 1090 2398 Leofstone
1106 2341 1141 2400 ct
1155 2334 1179 2399 J
1179 2334 1319 2400 ohannis
1343 2335 1372 2398 le
1397 2334 1496 2419 King,

444 2438 480 2502 in
503 2443 596 2524 parte
619 2437 767 2514 australi,
791 2444 826 2502 et
848 2437 969 2502 croftas
993 2437 1073 2501 Evae
1095 2437 1136 2503 de
1160 2437 1193 2502 la
1215 2437 1321 2502 Merse
1344 2438 1380 2500 in
1402 2442 1497 2522 partc

447 2539 638 2624 aquilonari,
663 2539 699 2602 in
732 2538 866 2604 defenso
897 2537 1077 2603 habeamus
1110 2544 1144 2602 et
1175 2544 1347 2603 teneamus
1377 2538 1497 2624 imper-

445 2647 591 2727 petuum.
639 2641 693 2705 Ita
708 2648 820 2706 tamen
836 2641 925 2726 quod
948 2662 1017 2725 prm
1032 2639 1163 2706 defectu
1186 2641 1362 2706 clausturae
1385 2641 1497 2706 averia

444 2743 594 2829 praedicti
618 2742 782 2808 Johannis
805 2748 839 2807 et
862 2741 1021 2806 heredum
1044 2763 1178 2806 suorum
1201 2764 1300 2828 super
1322 2741 1497 2828 praedictas

444 2850 549 2910 terras
571 2845 711 2910 inventa
732 2844 826 2908 nullo
848 2849 995 2929 tempore
1022 2843 1185 2928 possimus
1217 2844 1415 2931 impulsare,
1437 2865 1497 2908 nec

443 2945 571 3032 aliquas
595 2947 749 3012 emendas
772 2967 887 3031 capere
910 2944 965 3009 vcl
995 2945 1135 3029 exigere.
1183 2944 1249 3010 Sed
1280 2946 1397 3031 siquo
1420 2967 1496 3010 casu

444 3048 556 3114 averia
579 3048 729 3134 praedicti
768 3046 932 3111 lobannis
967 3051 1002 3109 et
1039 3045 1199 3112 heredum
1239 3069 1373 3111 suorum
1411 3047 1498 3110 infra

443 3157 548 3216 terras
585 3149 761 3236 praedictas
798 3170 858 3235 pro
896 3147 1027 3214 defectu
1065 3148 1242 3214 clausturae
1272 3149 1494 3228 inveniantur,

444 3253 602 3339 praedicto
625 3250 773 3316 Johanni
796 3255 832 3316 et
852 3248 1031 3315 heredibus
1064 3250 1133 3314 suis
1168 3250 1279 3336 quiete
1306 3251 1496 3330 liberentur,

444 3360 479 3420 ct
501 3355 571 3419 sine
595 3353 831 3439 impedimento
854 3353 960 3418 nostri
983 3371 1043 3415 seu
1066 3372 1287 3418 successorum
1309 3358 1495 3418 nostrorum

444 3457 640 3543 effugentur.
689 3454 731 3518 In
763 3455 858 3539 cujus
896 3454 945 3517 rei
981 3453 1209 3520 testimonium
1240 3453 1304 3519 hoc
1336 3455 1495 3540 scriptum

443 3557 602 3645 praedicto
635 3555 784 3621 Johanni
817 3555 964 3632 fecimus,
997 3559 1033 3620 et
1065 3553 1150 3618 illud
1184 3555 1350 3622 communi
1388 3555 1495 3643 sigillo

444 3664 557 3726 nostro
580 3657 793 3744 signavimus.
839 3656 916 3721 Hiis
938 3655 1089 3732 testibus,
1112 3660 1171 3723 etc

782 3937 862 4002 oar.
888 3935 1160 4002 CCCLXXXIX.

445 4090 552 4155 Cotto
586 4085 716 4154 obbatis
750 4093 780 4151 et
802 4091 984 4151 conventos
1011 4083 1262 4151 Momaomtae
1287 4084 1385 4173 facto
1418 4086 1495 4152 Gol-

664 4189 765 4278 frido
787 4188 989 4274 Bolderltyac
1012 4187 1052 4253 dc
1074 4187 1254 4274 Alyotoac.

276 4355 421 4406 Liccnseto
490 4341 664 4406 Universis
688 4337 814 4404 Christi
836 4337 990 4402 fidelibus
1020 4347 1164 4422 praesens
1187 4336 1347 4423 scriptum
1370 4337 1496 4424 inspec-

277 4421 415 4472 ⁰¹¹⁰¹⁰⁸²⁸²
445 4443 540 4520 suus,
574 4441 760 4507 willelmus
793 4440 857 4505 ner
889 4440 1006 4525 ascia
1037 4438 1139 4502 assas
1177 4438 1430 4516 malmesburiae,
1461 4448 1497 4507 a

277 4489 409 4540 Hamus.
447 4545 592 4632 ejusdem
616 4543 679 4608 loci
702 4547 893 4618 conventus,
916 4540 1057 4606 salutern
1085 4546 1243 4604 aeternam
1276 4540 1311 4602 in
1343 4539 1495 4609 Domino.

447 4648 588 4714 Noverit
621 4645 820 4710 universitas
844 4649 954 4708 vestra
984 4665 1045 4708 nos
1079 4641 1281 4718 concessisse,
1307 4664 1367 4729 pro
1400 4644 1496 4710 nobis

447 4756 482 4816 et
505 4746 746 4814 successoribus
769 4745 898 4821 nostris,
921 4742 1070 4810 Galfrido
1101 4742 1304 4828 Baldewyne
1338 4743 1380 4809 de
1402 4745 1496 4810 Alin-
