3526 5810
444 858 509 922 264
698 869 896 919 unorsruuu
919 869 1242 919 umussnuururvsn

444 1056 616 1124 dominicis
639 1059 735 1122 terris
759 1055 989 1142 puedictorum
1020 1056 1152 1120 abbatis
1174 1063 1209 1122 et
1234 1064 1418 1122 conventus
1451 1059 1498 1124 ei-

444 1159 518 1223 dem
542 1159 683 1224 brechise
707 1159 943 1244 adjacentibus,
966 1157 1010 1222 eb
1032 1159 1154 1244 augurio
1175 1158 1359 1244 equiloneri
1383 1160 1498 1226 croftae

445 1261 485 1325 de
502 1261 718 1338 Fouleswike,
741 1283 816 1346 quae
832 1260 1018 1346 appelletur
1041 1261 1070 1326 le
1093 1259 1211 1338 inlicit,
1235 1261 1358 1326 directe
1390 1285 1496 1348 usque

444 1363 486 1426 ed
518 1349 693 1448 spinetum
720 1364 759 1427 de
782 1361 929 1439 Jettone,
962 1383 1030 1426 une
1062 1383 1137 1428 cum
1172 1363 1239 1426 illis
1272 1364 1380 1428 tribus
1413 1365 1497 1429 acris

445 1471 541 1529 terme
574 1471 608 1529 et
630 1465 768 1528 dimidiu
789 1463 832 1528 od
864 1469 993 1549 portum
1025 1463 1068 1528 de
1099 1462 1306 1530 Fouleswike
1338 1488 1436 1551 super
1460 1466 1496 1532 lc

445 1567 588 1633 Boumc.
655 1567 710 1632 Its
739 1573 851 1632 temen
881 1565 969 1651 quod
1001 1587 1068 1651 pne
1092 1565 1220 1630 defectu
1252 1566 1427 1633 clausturae
1462 1567 1498 1632 in

445 1669 613 1755 praedictis
645 1668 741 1732 terris
763 1667 867 1742 faetae,
894 1667 1006 1732 everis
1038 1688 1111 1732 mee
1136 1667 1191 1732 vel
1219 1667 1378 1734 heredum
1409 1691 1497 1735 meo·

447 1793 520 1836 rum
554 1792 653 1856 super
675 1775 780 1834 terres
814 1768 988 1854 prsedictss
1020 1769 1158 1834 invente
1190 1770 1408 1856 nonpossint
1433 1773 1497 1835 im-

445 1873 595 1958 pnrkere,
623 1877 683 1936 aut
708 1870 835 1957 aliquas
863 1870 1018 1935 emendus
1041 1891 1156 1956 cepere
1178 1871 1232 1936 vel
1256 1871 1394 1957 exigere.
1454 1873 1499 1938 Et

445 1975 481 2038 in
503 1974 731 2039 testimonium
762 1971 862 2058 hujus
892 1973 1108 2038 concessionis
1140 1994 1230 2049 meae,
1253 1973 1315 2038 hoc
1336 1975 1497 2060 scripturn

445 2076 641 2162 bipertitum
674 2077 843 2139 internos
867 2078 919 2138 est
945 2073 1138 2150 confectum,
1162 2079 1197 2138 et
1226 2074 1343 2160 sigillis
1376 2078 1497 2141 nostn‘s

445 2177 634 2242 alternatim
658 2175 812 2262 appensis
834 2175 1010 2240 munitum.
1057 2174 1134 2239 Hiis
1157 2175 1306 2252 testibus,
1331 2182 1390 2242 etc

781 2415 860 2482 CAP.
885 2415 1162 2482 CCCLXXXIII.

448 2573 552 2642 Curta
574 2570 713 2638 domini
733 2569 864 2636 obbatis
886 2576 916 2636 et
932 2573 1113 2634 convectos
1134 2567 1387 2635 Moiuwsbum'm
1403 2569 1500 2656 sacto

652 2671 798 2758 Symoni
820 2671 860 2737 de
882 2671 1037 2737 Hordolc
1060 2669 1100 2734 de
1122 2670 1296 2736 Aliutone.

278 2833 424 2884 mansero
491 2819 667 2887 Universis
690 2817 815 2884 Christi
838 2819 991 2884 fidelibus
1014 2839 1156 2904 praesens
1183 2818 1342 2905 scriptum
1373 2819 1499 2904 inspec-

277 2901 417 3017 ‘Ynfssooeg‘t
446 2922 539 2999 turis,
574 2920 760 2985 willelmus
798 2919 862 2985 Dei
900 2919 1011 3006 gistis
1043 2919 1145 2984 ebbns
1182 2918 1434 2998 Muimesburiae‚
1465 2928 1499 2985 et

446 3025 593 3111 ejusdem
625 3022 688 3088 loci
711 3029 905 3098 conventus,
929 3021 1069 3086 sulutem
1100 3026 1258 3085 aeternsm
1288 3021 1324 3084 in
1348 3021 1498 3086 Domino.

447 3126 590 3191 Noverit
613 3123 812 3188 universitas
832 3129 944 3188 vestre
967 3144 1027 3189 nos
1050 3122 1252 3199 concessisse,
1267 3144 1327 3207 pro
1349 3124 1445 3188 nobis
1467 3129 1502 3188 et

446 3227 685 3294 successoribus
707 3225 838 3302 nostris,
855 3225 994 3311 Symoni
1015 3224 1056 3289 de
1072 3223 1262 3289 Horkedule
1277 3224 1318 3288 de
1333 3224 1501 3302 Aliutone,

448 3329 537 3417 quod
567 3329 638 3414 ipse
662 3333 696 3392 et
718 3327 858 3392 heredes
888 3326 940 3390 sui
963 3325 1112 3390 habeant
1142 3331 1177 3390 et
1200 3331 1337 3390 teneant
1367 3327 1500 3412 pacifice

450 3433 703 3517 imperpetuum,
736 3429 828 3493 illem
851 3427 1018 3493 brechiem
1051 3449 1123 3513 quae
1158 3449 1192 3491 se
1222 3427 1375 3492 extendit
1404 3449 1501 3514 super

447 3533 615 3619 spinctum
640 3530 680 3595 de
702 3530 852 3608 Jettone,
867 3530 957 3593 inter
973 3529 1139 3594 brechiem
1161 3527 1326 3593 Johennis
1348 3529 1503 3616 Hsrding

447 3641 482 3702 et
503 3633 638 3699 Thomse
662 3633 692 3698 le
715 3632 877 3697 Peumere
907 3631 949 3697 de
971 3631 1138 3708 Aliutone,
1162 3636 1197 3695 et
1218 3630 1311 3696 illum
1334 3630 1501 3697 brechium

447 3738 605 3804 claudunt
626 3740 661 3801 et
684 3735 720 3798 in
738 3735 870 3800 defenso
893 3721 1037 3812 teneant,
1052 3753 1195 3800 unacum
1218 3738 1307 3799 terro
1328 3755 1390 3799 sue
1404 3755 1503 3820 super

447 3841 484 3908 la
506 3840 651 3905 Boumou
707 3836 760 3903 Ite
782 3843 896 3902 temen
917 3836 1007 3922 quod
1028 3857 1097 3922 prae
1113 3835 1243 3901 defectu
1267 3835 1443 3902 eleusturae
1466 3837 1502 3902 in

448 3941 615 4029 praedictis
649 3939 747 4006 terris
777 3939 886 4016 fectae,
916 3937 1029 4004 averio
1059 3943 1173 4004 nostre
1194 3959 1253 4003 seu
1279 3959 1500 4004 successorum

448 4051 635 4112 nostrornm
663 4064 765 4128 super
788 4041 962 4127 praedictas
988 4047 1092 4106 tenus
1123 4042 1262 4106 invente
1291 4041 1385 4105 nulio
1417 4047 1501 4107 tem·

448 4171 526 4235 pore
561 4145 692 4232 possint
724 4142 920 4230 impsrkure,
956 4143 1011 4208 vel
1043 4143 1165 4228 aliquis
1199 4143 1354 4208 emendes
1386 4164 1500 4230 cepere

449 4251 503 4318 vel
526 4250 666 4336 exigere.
722 4247 824 4312 Salve
845 4247 947 4312 etium
970 4246 1073 4322 nobis,
1097 4252 1132 4310 et
1157 4247 1396 4312 successoribus
1426 4268 1502 4312 nos·

449 4353 520 4428 tris,
552 4370 727 4416 commune
759 4369 859 4433 quam
893 4347 1014 4414 habere
1045 4347 1275 4413 consuevimus
1309 4347 1346 4412 in
1377 4349 1501 4434 campis

449 4453 490 4517 de
513 4451 680 4516 Aliutone.
741 4449 786 4513 Et
819 4449 856 4512 in
891 4448 1117 4514 testimonium
1152 4447 1252 4533 hujus
1286 4449 1502 4514 concessionis

450 4552 847 4638 nostroe,hocsmiptun1
880 4551 1075 4636 bipertitum
1110 4550 1279 4615 internos
1301 4555 1353 4615 est
1374 4551 1501 4616 confec-

449 4663 530 4732 tum,
554 4661 588 4720 et
615 4652 731 4741 sigiliis
763 4654 884 4718 nostris
914 4652 1104 4718 alternatim
1138 4652 1292 4736 appensis
1322 4653 1499 4717 munitum

450 4759 527 4824 Hiis
549 4757 700 4833 testibus,
724 4761 783 4820 etc.
