3526 5810
520 877 719 926 nnorsvnon
743 873 1067 924 urnuussummvsu.
1252 855 1317 926 287

641 1178 720 1244 CAP.
745 1176 938 1244 coocvll.

468 1330 555 1396 Item
578 1335 673 1396 carto
695 1328 832 1395 Robcrtc'
855 1328 895 1394 dc
918 1329 1098 1416 Hopwocie.

311 1485 426 1552 Sciant
456 1489 636 1572 praesentes
670 1488 705 1548 et
735 1483 840 1549 futuri
873 1484 962 1569 quod
994 1505 1054 1569 ego
1089 1483 1254 1549 Robertus
1277 1484 1318 1549 de
1331 1489 1411 1542 Gran
1424 1491 1451 1541 or

267 1589 440 1675 Haywode
474 1587 560 1664 dedi,
584 1586 734 1664 concessi,
766 1591 801 1650 et
833 1585 896 1650 hac
930 1586 1087 1672 praesenti
1121 1591 1212 1651 carta
1246 1559 1470 1675 meafflnflssn,

266 1692 467 1768 confirmavi,
491 1691 562 1755 Deo
585 1695 620 1755 et
642 1689 786 1754 ecclesiae
818 1689 908 1754 beati
933 1689 1077 1753 Aldelmi
1101 1689 1141 1755 de
1165 1690 1319 1755 Malmes-
1332 1691 1443 1768 inmnk

265 1795 370 1870 buria,
393 1799 428 1858 et
450 1793 583 1858 domino
607 1791 773 1856 Willelmo
788 1791 912 1868 abbati,
928 1797 962 1855 et
985 1791 1132 1877 ejusdem
1155 1790 1219 1857 loci
1242 1812 1318 1858 con·
1331 1758 1465 1824 aimmgne.

265 1895 392 1974 ventui,
416 1896 451 1959 in
485 1895 631 1970 liberam,
655 1914 772 1979 puram
807 1899 842 1958 et
868 1898 1062 1979 perpetuam
1097 1892 1318 1970 elemosinam,

266 2020 366 2064 unam
389 2019 497 2063 acram
533 2002 629 2062 terrae
663 2017 736 2081 quoe
766 1995 855 2081 jacet
889 2016 988 2082 super
1012 1994 1200 2072 Laundons,
1231 1996 1320 2061 inter

265 2106 389 2166 terram
412 2099 568 2185 Symonis
598 2099 640 2163 de
664 2096 854 2163 Horlredale
887 2102 921 2162 et
945 2103 1066 2164 terram
1101 2097 1181 2162 Evae
1213 2098 1254 2164 de
1287 2098 1320 2163 la

267 2204 382 2280 Mense,
398 2225 472 2287 quae
489 2207 540 2267 est
562 2201 602 2266 de
618 2201 713 2266 feodo
730 2200 770 2264 de
786 2199 1016 2285 Fouleswyke.
1064 2198 1262 2266 Habendam
1286 2205 1320 2266 et

267 2305 445 2372 tenendam
483 2302 677 2390 praedictam
716 2323 825 2368 acram
860 2306 958 2367 terres
1000 2323 1076 2366 cum
1108 2303 1320 2387 pertinentiis

267 2409 345 2485 suis,
367 2406 533 2493 praedictis
557 2404 671 2471 abbati
705 2409 740 2469 et
763 2404 941 2470 conventui
965 2409 1134 2469 eteorum
1158 2425 1319 2472 successo-

266 2511 357 2575 ribus
379 2509 490 2586 libere,
513 2508 633 2594 quiete,
657 2508 740 2572 bene
764 2511 798 2571 et
820 2507 856 2571 in
879 2527 959 2593 pace
975 2506 1228 2592 imperpetuum.
1276 2507 1321 2573 Et

267 2635 327 2700 ego
350 2612 515 2677 Robertus
538 2617 573 2676 et
597 2611 734 2676 heredes
756 2611 821 2674 mei
853 2609 1047 2696 praedictam
1080 2631 1189 2676 acram
1222 2617 1320 2677 terroe

267 2737 341 2780 cum
365 2711 575 2799 pertinentiis
598 2713 676 2789 suis,
699 2711 867 2797 praedictis
889 2711 1002 2775 abbeti
1026 2716 1061 2775 et
1083 2714 1264 2778 conventui
1286 2718 1321 2779 et

267 2839 380 2882 eorum
403 2815 651 2892 successoribus,
674 2820 789 2880 contre
811 2835 924 2878 omnes
948 2814 1102 2879 mortales
1125 2817 1320 2883 warantiza-

269 2919 387 2995 bimus,
401 2917 662 3003 acquietabimus
678 2922 712 2981 et
727 2916 939 2981 defendemus
959 2916 1210 3003 imperpetuum.
1257 2920 1321 2985 Pro

267 3023 329 3087 hac
350 3027 463 3087 autem
487 3021 663 3086 donatione
687 3025 721 3085 et
744 3020 949 3084 concessione
963 3040 1037 3084 mea
1052 3019 1215 3086 dederunt
1237 3022 1321 3088 mihi

267 3124 417 3209 praedicti
439 3123 541 3188 abbas
564 3128 598 3187 et
613 3127 796 3187 conventus
815 3119 1037 3207 praemanibus
1059 3142 1161 3187 unam
1177 3145 1320 3190 marcam

267 3225 404 3312 argenti.
452 3224 496 3288 Et
519 3229 558 3289 ut
580 3223 651 3289 brec
673 3223 808 3289 donatio
832 3229 867 3289 et
889 3222 1053 3289 concessio
1076 3245 1150 3290 mea
1173 3225 1319 3313 vigorem

268 3327 501 3414 perpetuitatis
523 3327 559 3390 in
582 3348 617 3391 se
640 3326 821 3411 optineant,
845 3325 932 3391 hanc
954 3330 1078 3390 cartem
1105 3326 1228 3393 eisdem
1263 3331 1320 3395 ab·

267 3429 338 3495 bati
370 3435 405 3493 et
438 3428 617 3493 conventui
648 3427 719 3505 feci,
754 3433 789 3493 et
823 3449 895 3492 eam
928 3424 1037 3512 sigillo
1072 3449 1144 3494 meo
1181 3430 1319 3516 signavi.

271 3535 347 3600 Hiis
368 3534 518 3612 testibus,
542 3539 602 3599 etc.

552 3927 557 3936 1
638 3837 717 3902 Ore.
743 3835 955 3902 CCOCVIII.

427 3987 530 4052 omre
553 3985 726 4052 Jobonoc's
749 3983 873 4050 Bourle
896 3984 936 4050 cle
960 3983 1177 4072 Obippehom.

311 4139 486 4208 Universis
509 4139 634 4205 Christi
657 4137 810 4204 fidelibus
834 4159 977 4223 praesens
1008 4140 1168 4225 scriptum
1200 4143 1322 4209 visuris
1335 4154 1441 4206 Lieense

268 4243 322 4308 vel
344 4242 517 4318 audituris,
540 4240 709 4306 Johannes
732 4242 773 4306 de
797 4240 917 4306 Bourle
941 4242 981 4306 de
1002 4240 1218 4329 Chippehem,
1233 4246 1320 4311 salu·
1335 4224 1445 4275 (ΜΝ

267 4353 336 4412 tem
368 4347 405 4410 in
427 4344 570 4409 Domino
604 4349 769 4410 aeternem.
821 4343 964 4410 Noverit
987 4346 1187 4412 universitas
1210 4354 1322 4416 vestra

269 4471 321 4515 me
344 4447 546 4524 concessisse,
562 4468 623 4532 pro
645 4467 697 4510 me
721 4451 755 4511 et
777 4446 953 4512 heredibus
976 4447 1065 4525 meis,
1088 4449 1222 4516 domino
1238 4451 1321 4517 Wil-

267 4551 365 4617 lelmo
387 4549 501 4616 ebbati
525 4548 565 4614 de
582 4549 825 4627 Malmesburia,
842 4553 877 4615 et
891 4549 1039 4636 ejusdem
1053 4550 1117 4618 loci
1131 4557 1320 4638 conventui,

267 4653 356 4740 quod
394 4652 459 4737 ipsi
496 4651 642 4718 habeant
675 4658 710 4718 et
740 4657 878 4720 teneant
909 4652 1043 4740 pacifice
1075 4654 1321 4741 imperpetuum

267 4761 356 4826 totos
379 4759 484 4822 terras
507 4753 596 4844 ipsos
619 4755 773 4824 abbatem
797 4762 832 4820 et
858 4761 1059 4825 conventum
1093 4758 1322 4845 contingentes
