3578 5808
415 829 457 891 14
668 839 867 890 sacrarium
891 839 1212 890 nicnasaumausn

410 1029 498 1114 quod
521 1049 581 1114 ego
604 1026 791 1092 Willelmus
813 1027 900 1092 tilius
934 1027 1106 1104 Johaunis,
1141 1026 1317 1113 Radulpho
1348 1027 1464 1093 clerico

410 1151 492 1208 meo,
514 1150 573 1216 pro
595 1127 732 1195 servitio
754 1151 814 1194 suo
836 1134 959 1194 terram
982 1133 1088 1194 totam
1111 1149 1211 1215 quam
1233 1125 1320 1193 emi¹
1336 1129 1377 1194 do
1399 1129 1465 1194 Ro·

388 1233 502 1302 ‚beru
525 1231 593 1296 filio
616 1231 730 1298 decani
763 1231 804 1296 de
838 1231 1000 1309 Peritone,
1023 1232 1059 1296 in
1082 1229 1277 1317 Westeport,
1301 1235 1336 1297 et
1365 1251 1464 1316 quam

409 1335 450 1400 de
473 1333 639 1399 communi
661 1333 796 1399 consilio
818 1340 853 1398 et
874 1355 1008 1399 assensu
1039 1333 1223 1398 vicinorum
1254 1332 1408 1410 militum,
1431 1337 1465 1398 et

410 1436 558 1500 omnium
590 1434 803 1522 burgensium
839 1434 1081 1500 Malmesburiae
1113 1435 1186 1512 emi,
1221 1435 1397 1500 tenendam
1429 1435 1465 1498 in

409 1538 518 1624 capite
555 1539 596 1602 de
638 1537 771 1604 domino
805 1538 899 1624 regis,
930 1537 1006 1603 dedi
1039 1543 1074 1603 et
1107 1538 1268 1603 concessi:
1301 1536 1465 1602 reddendo

410 1639 584 1705 annuatim
618 1639 660 1706 ad
684 1639 857 1704 Hockedai
880 1661 936 1705 xv.
960 1639 1032 1704 den.
1057 1639 1097 1704 de
1127 1638 1257 1725 gabulo,
1280 1638 1379 1704 etad
1402 1638 1464 1703 fes-

412 1866 485 1910 mea
507 1844 642 1910 donatio
665 1849 739 1909 rata
771 1848 806 1909 et
837 1844 1030 1909 inconcussa
1060 1848 1261 1930 permaneat,
1283 1843 1465 1907 munimine

413 1945 512 2033 sigilli
535 1946 600 2010 mei
622 1945 708 2011 hanc
730 1950 855 2010 cartam
877 1945 1016 2014 munivi.
1061 1944 1138 2009 Hiis
1166 1942 1316 2021 testibus,
1340 1943 1466 2030 Rogero

413 2047 591 2135 capellano,
613 2047 758 2114 Henrico
781 2048 913 2125 decano,
936 2046 1106 2112 Hunfrido
1130 2045 1198 2112 lilio
1221 2047 1301 2132 ejus,
1325 2051 1384 2112 etc.

839 2261 920 2330 CAP.
945 2261 1047 2328 CLII.

417 2415 619 2502 Compositio
639 2415 731 2482 inter
766 2415 940 2483 osbertum
971 2415 1010 2480 oe
1034 2415 1169 2482 Oolcrmc
1201 2437 1303 2502 super
1336 2416 1468 2483 ecclesia

565 2519 605 2586 clo
629 2518 777 2596 souma,
800 2527 829 2585 et
851 2516 1030 2585 moruwlwa
1053 2517 1312 2584 Molmeabarioe.

248 2673 405 2739 Agreement
462 2657 623 2723 Ricardus
638 2656 701 2722 Dci
724 2658 833 2744 gratia
848 2656 1099 2743 Wyntoniensis
1122 2658 1301 2743 episcopus,
1318 2658 1470 2724 omnibus

249 2740 344 2857 {ffi
356 2805 384 2856 of
416 2765 538 2826 sanctoe
561 2759 677 2825 matris
700 2759 843 2825 eeclesiae
866 2758 952 2835 filiis,
975 2757 1019 2823 ad
1043 2779 1123 2844 quos
1146 2779 1289 2844 praesens
1311 2761 1470 2846 scriptum

250 2873 364 2924 Ooleme.
417 2861 612 2948 pervenerit,
647 2859 787 2924 salutem
826 2861 861 2924 iu
893 2858 1044 2924 Domino.
1091 2859 1313 2925 Universitati
1352 2867 1470 2926 vestrae

417 2970 533 3028 notum
556 2963 627 3027 fieri
654 2962 815 3039 volumus,
842 2961 1029 3046 quodcum
1052 2983 1150 3026 causa
1182 2983 1256 3047 quae
1279 2962 1470 3028 vertebatur

418 3067 506 3130 inter
536 3063 739 3150 monacho[s]
773 3063 1014 3129 Malmesburiae
1045 3068 1079 3128 et
1112 3064 1201 3128 inter
1230 3063 1407 3130 Osbortum
1430 3067 1472 3130 de

420 3167 564 3232 Oulerna
602 3187 700 3252 super
737 3164 872 3231 ecclesia
909 3164 950 3229 de
989 3163 1141 3242 Oulerna
1175 3165 1270 3230 nobis
1302 3168 1472 3232 commissa

419 3268 538 3332 luisset
552 3288 573 3332 a
588 3267 720 3331 domino
735 3265 833 3352 Papa,
849 3270 975 3331 remota
997 3265 1226 3352 appellatione,
1247 3268 1473 3348 terminanda;

420 3370 473 3434 die
508 3373 635 3433 statuto
666 3368 817 3453 partibus
851 3368 887 3431 in
925 3373 1038 3432 nostra
1074 3369 1251 3453 praesentia
1274 3370 1471 3448 constitutis,

419 3477 495 3558 post
516 3469 675 3556 plurimas
699 3469 998 3555 utriusquepartis
1029 3469 1251 3555 allegationes,
1275 3476 1309 3536 et
1332 3471 1471 3537 multam

419 3573 497 3637 hino
532 3570 608 3636 inde
639 3569 789 3636 habitam
821 3570 1078 3648 altercationem,
1101 3574 1324 3636 controversia
1354 3574 1473 3639 amica-

420 3673 481 3738 bili
504 3673 639 3738 tandsm
654 3672 890 3757 compositione
913 3671 1013 3737 finam
1040 3672 1172 3758 accepit.
1221 3674 1339 3738 Modus
1362 3680 1472 3740 autem

420 3775 665 3861 compositionis
696 3773 751 3839 hic
785 3779 852 3839 est:
877 3779 1078 3840 memoratus
1113 3772 1273 3839 Osbertus
1296 3777 1472 3842 camerario

421 3877 612 3943 monasterii
635 3875 886 3952 Malmesburiae,
909 3876 1042 3940 nomine
1057 3875 1161 3962 ipsius
1176 3875 1320 3943 ecclesiae
1342 3878 1384 3943 de
1407 3877 1472 3944 Cu·

421 3979 513 4045 lerna
535 3978 707 4044 annuatim
730 3977 837 4042 solvet
867 3987 926 4043 'sex
946 3977 1012 4056 sol,
1035 3983 1102 4042 tres
1125 3978 1161 4041 in
1183 3979 1309 4044 octavis
1333 3979 1472 4057 Pascha,

422 4087 457 4146 et
479 4086 546 4146 tres
576 4081 613 4144 in
643 4079 769 4145 octavis
793 4078 908 4144 Sancti
931 4078 1110 4145 Michaelis.
1159 4079 1249 4160 Quos
1273 4103 1332 4146 aex
1354 4081 1472 4148 solidos

422 4183 485 4269 ipsi
508 4180 660 4247 monachi
684 4179 936 4259 Melmesburiae,
958 4182 1013 4266 qui
1040 4181 1083 4245 ob
1105 4203 1237 4248 causam
1261 4181 1353 4248 illam
1372 4173 1472 4249 'vene-

422 4289 505 4362 rant,
529 4284 686 4369 magistro
706 4281 878 4366 Reynaldo
901 4282 942 4346 de
965 4282 1086 4368 Erleya
1108 4283 1224 4350 clerico
1251 4307 1318 4363 suo,
1342 4287 1473 4351 nomine

422 4387 527 4472 ipsius
549 4385 693 4452 ecclesiae
715 4383 756 4450 de
788 4384 939 4461 Oulerna,
971 4385 1190 4450 incontinenti
1214 4387 1472 4473 assignavenmt.

423 4488 493 4553 Nos
516 4489 628 4572 itaqua
650 4485 739 4572 quod
761 4484 874 4550 taliter
896 4487 1088 4552 convenerit
1118 4487 1282 4553 intereos
1305 4494 1341 4554 in
1363 4496 1475 4556 nostra

421 4590 598 4676 praesentia
619 4594 848 4676 protestamur.

856 4767 865 4799 ¹
883 4783 936 4822 cum
946 4767 974 4817 in
985 4765 1044 4820 MS.
