3524 5808
439 814 505 876 346
698 827 897 878 emisseus
920 827 1241 880 inmissumesse

437 1017 509 1078 toto
533 1019 680 1100 tempore
715 1016 803 1094 simi,
827 1015 869 1080 lis
891 1017 927 1081 in
950 1016 1040 1082 hunc
1062 1017 1197 1084 modum
1223 1013 1416 1101 conquievit
1446 1013 1499 1077 in-

436 1119 488 1180 ter
509 1121 628 1202 partes.
684 1117 855 1195 Videlicet,
879 1120 967 1204 quod
990 1120 1169 1205 praedictus
1191 1140 1298 1186 comes
1320 1139 1380 1204 pro
1407 1139 1441 1181 se
1464 1122 1501 1180 et

438 1216 616 1285 heredibus
641 1221 717 1298 suis,
740 1227 775 1286 et
805 1222 906 1286 etiem
937 1222 1092 1287 omnibus
1106 1221 1300 1287 hominibus
1322 1221 1391 1286 suis
1413 1242 1498 1306 prae-

435 1319 533 1386 dictae
565 1323 773 1400 conditionis,
808 1324 937 1388 iemisit
971 1330 1006 1389 et
1037 1324 1187 1408 quietum
1219 1323 1380 1389 clamavit
1413 1343 1498 1408 prae·

434 1422 532 1488 dictis
554 1425 669 1490 ebbeti
692 1432 727 1490 et
742 1427 920 1492 conventui
943 1432 1105 1492 eteorum
1128 1411 1375 1503 successoribus,
1390 1430 1497 1490 totam

433 1547 642 1592 communem
665 1550 764 1612 quem
798 1529 957 1594 clamavit
989 1528 1110 1594 hebere
1144 1530 1180 1594 in
1214 1529 1304 1595 dicto
1334 1529 1430 1594 bosco
1453 1528 1496 1592 de

433 1627 617 1714 Flusrugge
650 1651 724 1694 cum
756 1630 864 1716 porcis
896 1630 965 1695 suis
1004 1634 1038 1695 et
1075 1629 1247 1695 hominum
1286 1650 1420 1695 suorum
1454 1628 1497 1692 de

433 1729 639 1816 Woekeseye,
659 1732 857 1796 conditionis
879 1731 1092 1818 praedictae,a
1114 1732 1169 1797 die
1185 1732 1300 1798 Sancti
1323 1730 1496 1796 Michaelis

432 1833 476 1898 ad
498 1833 612 1898 horem
637 1856 758 1900 nonam
781 1857 883 1920 usque
907 1835 995 1900 diem
1012 1835 1126 1900 Sancti
1152 1835 1289 1900 Martini
1313 1834 1355 1899 ad
1378 1832 1494 1898 horem

432 1957 561 1999 nonem.
607 1937 661 2000 Ite
691 1937 846 2002 videlieet
867 1937 955 2022 quod
977 1937 1005 2002 si
1036 1937 1209 2023 contingat
1231 1937 1320 2022 quod
1342 1936 1494 2002 custodes

431 2059 602 2121 porcorum
637 2039 789 2123 praedicti
822 2039 961 2116 comitis,
993 2040 1046 2104 vel
1078 2039 1251 2104 hominum
1284 2061 1419 2105 suorum
1452 2039 1493 2102 de

432 2138 633 2224 Weckeseye
670 2141 870 2206 conditionis
909 2141 1085 2226 praedictae,
1115 2163 1229 2227 p01c0s
1261 2142 1298 2205 in
1333 2141 1493 2227 praedicto

430 2239 526 2305 bosco
550 2241 590 2306 de
613 2240 795 2328 Flusrugge
826 2242 913 2308 inim
942 2247 1073 2330 tempus
1103 2243 1329 2328 supradictum
1352 2243 1495 2309 scienter

430 2347 554 2413 intrare
576 2344 795 2429 permiserint,
818 2350 900 2410 tunc
929 2345 1080 2430 praedicti
1110 2346 1212 2410 abbas
1247 2350 1282 2410 et
1308 2350 1492 2411 conventus

431 2451 465 2509 et
488 2467 599 2516 cerum
624 2467 821 2512 successores
844 2447 1056 2513 sationabiles
1072 2447 1149 2512 inde
1172 2448 1306 2533 capient
1328 2448 1491 2513 emendas

432 2546 474 2610 In
495 2549 589 2633 cujus
613 2548 660 2612 rei
677 2549 904 2613 testimonium
926 2549 989 2615 hoc
1010 2549 1169 2634 scriptum
1189 2549 1386 2634 bipertitum
1402 2549 1491 2614 inter

431 2656 540 2735 partes
578 2657 629 2716 est
666 2653 861 2729 confectum,
900 2657 935 2716 et
960 2651 1078 2738 sigillis
1108 2651 1254 2736 partium
1296 2651 1488 2716 alternatim

429 2753 582 2838 appensis
605 2755 802 2818 roboretum.
860 2753 936 2818 Hiis
960 2753 1110 2830 testibus,
1134 2751 1276 2818 dominis
1298 2753 1427 2840 Rogcro
1458 2753 1488 2818 le

429 2853 506 2932 Rus,
531 2855 679 2920 Galfn'do
702 2857 742 2920 de
765 2855 897 2932 Morlee,
921 2855 1074 2922 iohanne
1098 2855 1285 2932 Walersnd‚
1307 2855 1488 2926 militibus3

429 2954 573 3021 Henrico
597 2957 638 3022 de
662 2957 809 3034 Enefeld,
824 2957 979 3024 Johsnne
1003 2959 1043 3022 de
1059 2957 1319 3044 Henckyntone‚
1344 2957 1487 3023 Robcrto

429 3064 463 3121 et
485 3059 626 3125 Ricardo
649 3061 689 3125 de
713 3061 746 3124 le
769 3061 842 3138 Lee,
865 3061 994 3148 Rogero
1025 3065 1060 3125 et
1083 3060 1193 3126 Adam
1217 3061 1257 3125 de
1281 3059 1486 3135 Cherletcne,

428 3160 572 3227 Roberto
607 3162 637 3227 le
673 3163 767 3248 Sesiy,
791 3163 900 3228 Adam
932 3164 1080 3248 Martyn,
1106 3161 1239 3249 Pegano
1274 3162 1304 3227 le
1328 3161 1429 3227 Clerk
1452 3169 1486 3228 et

427 3264 508 3329 eliis.

801 3466 881 3532 Cle.
906 3463 1130 3533 COOCLVII.

428 3632 629 3722 Omnpost'tt‘o
646 3633 742 3718 sacta
772 3631 864 3697 ieter
895 3631 1078 3696 destinam
1106 3629 1313 3696 willelmum
1335 3629 1482 3696 abbatem

516 3744 545 3802 ct
568 3741 766 3799 conventum
784 3731 1035 3798 Malewsburc'ae
1050 3739 1080 3798 ct
1095 3731 1291 3798 Jotaneem
1314 3731 1353 3796 de
1369 3733 1483 3797 Hacte-

517 3838 667 3922 lysiose.

260 4015 408 4068 Settlement
473 4000 638 4064 Noverint
660 3997 807 4062 universi
830 3995 926 4081 quod,
942 4018 1016 4061 cum
1038 3997 1190 4081 quaedem
1205 3997 1373 4062 contentio
1394 4003 1484 4060 mota

259 4083 545 4215 gflffightfuisset
582 4105 670 4166 inter
708 4101 878 4165 dominum
910 4097 1114 4163 Willelmum
1145 4099 1299 4164 abbatem
1332 4098 1485 4163 Melmes·

258 4216 386 4268 ofdrove-
428 4205 542 4280 buriae,
575 4208 609 4268 et
640 4203 786 4289 ejusdem
817 4201 880 4267 loci
910 4206 1109 4267 conventum
1142 4221 1184 4264 ex
1218 4205 1311 4286 perte
1343 4221 1419 4276 une,
1449 4204 1485 4263 et

257 4297 321 4348 Μ·
427 4305 614 4372 Johannem
637 4307 677 4370 de
694 4303 942 4390 Henekyntone
965 4325 1008 4369 ex
1029 4302 1142 4378 alters,
1165 4324 1262 4388 super
1285 4303 1485 4387 quibusdem

426 4409 596 4475 demendis
628 4408 798 4495 cujusdam
830 4406 950 4472 chcciae
988 4410 1023 4470 et
1052 4426 1228 4470 commuue
1252 4405 1341 4490 preti
1375 4404 1416 4469 de
1448 4403 1486 4466 la

425 4513 572 4590 linwede,
608 4517 642 4576 et
679 4516 815 4596 pastura
848 4508 1019 4594 cujusdem
1057 4506 1196 4572 culturae
1235 4528 1309 4592 quae
1345 4511 1485 4572 vocetur

425 4618 538 4695 Oklee,
561 4615 720 4704 praedicta
742 4613 783 4678 lis
806 4613 841 4676 in
864 4611 954 4676 hunc
976 4609 1109 4675 modum
1134 4609 1331 4696 conquievit.
1380 4603 1482 4674 Vide·

423 4721 509 4798 licet,
533 4718 621 4804 qued
642 4717 820 4803 predictus
833 4714 856 4779 J
858 4715 1003 4781 ohannes
1025 4712 1186 4780 concessit
1207 4711 1367 4800 presset
1389 4709 1483 4777 here-
