3608 5812
572 897 771 946 anorsrnuu
794 857 1114 946 usnussauarnrsn
1303 875 1369 952 157

318 1085 461 1150 bendem
483 1091 519 1150 et
541 1084 718 1150 tenendam
751 1088 856 1150 totam
888 1083 1079 1168 predictam
1112 1080 1254 1168 placiam
1285 1099 1370 1168 prae·

319 1187 416 1254 diotae
439 1187 566 1254 bruera
588 1186 757 1275 praedictis
790 1185 906 1254 abbati
933 1190 968 1251 et
990 1184 1170 1252 conventui
1200 1189 1369 1249 eteorum

317 1291 565 1369 successoribus,
588 1289 726 1356 liberam
750 1294 784 1355 et
807 1289 977 1377 quietam3
1000 1292 1034 1355 et
1060 1309 1133 1355 earn
1163 1287 1286 1354 fossato
1309 1287 1369 1354 cir·

318 1415 533 1481 cumquaque‚
557 1394 586 1458 si
608 1392 785 1471 voluerint,
809 1393 984 1458 includant
1014 1392 1085 1456 sine
1108 1391 1220 1477 aliqua
1241 1393 1369 1456 contra·

318 1496 470 1576 dictione,
494 1495 681 1576 vexatione,
704 1495 759 1560 vel
782 1495 1012 1562 reclamatione
1039 1493 1112 1572 mei,
1135 1493 1190 1558 vel
1212 1492 1370 1557 heredum
1439 1529 1443 1536 ·

317 1591 377 1664 seu
398 1599 651 1686 assignatorum,
674 1599 729 1664 vel
752 1599 854 1664 etiam
883 1598 1056 1664 hominum
1089 1615 1237 1664 meorum
1268 1593 1371 1659 servi·

321 1700 403 1766 lium
444 1700 724 1788 [imperpetuumz
762 1700 811 1765 ita
849 1700 938 1786 quod
969 1719 1030 1765 neo
1062 1719 1121 1785 ego
1154 1719 1214 1764 neo
1251 1695 1371 1780 aliquis

320 1802 479 1869 heredum
502 1803 557 1868 vel
578 1804 820 1890 assignatorum
852 1823 1008 1880 meorum,
1041 1823 1099 1868 seu
1133 1803 1234 1868 etiam
1265 1801 1370 1866 homi-

320 1925 401 1970 num
424 1925 573 1972 meorum
596 1905 803 1991 servilium]1
825 1905 952 1991 aliquid
970 1905 1056 1992 juris
1082 1905 1135 1970 vel
1158 1904 1276 1980 clamii,
1300 1902 1370 1967 sive

319 2007 465 2092 aliquam
504 2028 710 2073 communem
748 2008 784 2071 in
827 2007 1007 2093 praedicta²
1050 2007 1158 2094 placia
1205 2007 1371 2094 praedictae

320 2107 448 2174 bruerae
470 2109 565 2175 nobis
587 2109 761 2176 vendicare
784 2110 946 2194 possimus
969 2111 1221 2196 imperpetuum.

366 2211 410 2275 Et
432 2212 469 2274 in
492 2211 721 2276 testimonium
751 2211 852 2298 hujus
879 2211 1081 2279 remissionis
1105 2219 1139 2279 et
1161 2215 1283 2299 quietae
1305 2216 1370 2280 cla·

321 2315 456 2378 mantiae
479 2313 542 2379 hoc
564 2314 724 2400 scriptum
747 2313 870 2380 eisdem
897 2314 1013 2382 abbati
1040 2320 1074 2382 et
1097 2319 1276 2383 conventui
1299 2317 1370 2393 feci,

321 2421 356 2484 et
377 2415 487 2502 sigillo
509 2437 582 2482 meo
605 2415 743 2503 signavi.

666 2655 746 2723 CAP.
770 2655 1032 2724 OOLXXXVH.

323 2807 655 2893 accasamentis
677 2808 814 2876 Roboote'
836 2809 877 2877 de
900 2809 935 2876 lo
957 2811 1017 2878 Leo
1040 2811 1080 2878 dc
1102 2812 1218 2879 molem
1240 2813 1369 2881 bruera.

367 2967 483 3036 Sciant
503 2975 681 3057 praesentes
710 2977 743 3036 ct
766 2972 870 3037 futuri
894 2973 982 3059 quod
1005 2995 1064 3060 ego
1088 2975 1252 3042 Robertus
1282 2977 1372 3043 filius
1385 2981 1421 3033 of
1430 2983 1474 3032 the

322 3071 447 3158 Pagani
470 3071 511 3136 de
537 3071 570 3136 la
600 3071 664 3137 Lea
687 3073 798 3137 remisi
829 3078 863 3139 et
885 3075 1035 3160 quietum
1059 3079 1208 3158 clamavi,
1230 3102 1289 3166 pro
1319 3063 1460 3146 mem*

323 3178 356 3239 et
378 3195 438 3260 pro
460 3173 637 3239 heredibus
659 3175 748 3252 meis,
765 3181 799 3242 et
822 3199 881 3262 pro
904 3178 1056 3244 omnibus
1078 3179 1268 3247 hominibus
1291 3183 1372 3248 meis

321 3275 574 3363 imperpetuum,
590 3277 731 3344 dominis
755 3279 836 3344 meis
851 3279 1027 3361 willelmo,
1042 3283 1106 3348 Dei
1129 3285 1237 3370 gratia
1259 3281 1372 3350 abbati

323 3379 364 3444 de
386 3379 629 3459 Malmesburia,
653 3383 687 3446 et
713 3377 860 3466 ejusdem
891 3381 953 3448 loci
984 3387 1171 3466 conventui,
1195 3393 1230 3453 et
1260 3407 1372 3454 eorum

323 3481 568 3560 successoribua
592 3487 700 3548 totum
719 3483 777 3569 jus
800 3489 835 3548 et
857 3485 1019 3566 clamium,
1043 3493 1205 3556 ettotam
1228 3510 1372 3557 commu-

323 3605 408 3662 nam,
432 3604 532 3669 quam
561 3583 664 3650 habui
687 3583 742 3650 vel
765 3584 886 3651 babere
909 3589 1003 3672 potui
1034 3587 1070 3654 in
1094 3593 1236 3676 quadam
1267 3592 1373 3680 placia

324 3707 453 3771 magnae
475 3685 602 3750 bruerae
625 3709 740 3751 versus
758 3685 959 3772 Oorsgrave;
983 3691 1086 3776 [quae]
1112 3693 1245 3779 quidem
1266 3695 1374 3781 placia

320 3787 409 3873 jacet
431 3787 519 3852 inter
534 3787 616 3852 duas
639 3789 785 3853 culturas
809 3789 850 3854 de
874 3791 909 3856 la
925 3789 1105 3882 Kobcebebc
1124 3801 1158 3860 et
1173 3797 1374 3887 Alcyoolaepo,

323 3889 478 3954 videlicet
500 3888 543 3954 ab
565 3889 759 3956 occidentali
786 3891 907 3976 angulo
931 3892 971 3958 de
1002 3894 1038 3959 lc
1060 3895 1240 3986 Kolscalcepe
1270 3923 1373 3986 usque

324 3991 365 4056 ad
389 3991 621 4056 occidentalem
653 3991 812 4078 angulum
844 3993 896 4058 de*
910 3993 1102 4084 Alsicebopc,
1126 4021 1185 4084 pcr
1208 4001 1374 4086 quandam

324 4093 465 4158 viridem
488 4093 586 4170 viam,
603 4098 637 4159 et
659 4117 718 4180 per
741 4095 906 4180 quendam
928 4099 1084 4176 rivulum,
1099 4122 1202 4186 usque
1225 4104 1268 4168 ad
1292 4127 1374 4190 prae-

326 4193 452 4260 dictum
482 4197 641 4281 angulum
672 4197 713 4261 de
743 4197 954 4287 Alayeabope:
989 4200 1113 4266 scilicet
1144 4203 1181 4266 in
1216 4209 1287 4270 tota
1318 4208 1376 4272 illa

325 4295 440 4381 placia‚
463 4319 537 4382 quae
564 4297 654 4383 jacet
684 4297 720 4362 in
743 4298 894 4366 orientali
929 4305 1022 4386 parte
1052 4303 1218 4388 praedictae
1250 4307 1315 4372 vise
1342 4314 1376 4374 et

325 4395 475 4483 praedicti
502 4399 603 4463 rivuli
627 4398 714 4465 inter
735 4401 911 4486 praedictas
935 4404 1100 4470 culturas:
1131 4405 1318 4475 habendam
1341 4418 1376 4477 et

326 4501 502 4568 tenendam
527 4507 632 4570 totam
655 4505 846 4590 praedictam
878 4505 1018 4592 placiam
1048 4509 1215 4595 praedictas
1238 4514 1375 4592 bruera,

324 4601 491 4690 praedictis
514 4605 628 4671 abbati
659 4612 694 4670 et
717 4607 895 4672 conventui
928 4611 962 4674 et
992 4630 1104 4675 eorum
1137 4615 1374 4681 successoribus

324 4703 461 4771 liberam
485 4712 519 4772 et
551 4709 715 4793 quietam
735 4714 769 4774 et
803 4731 875 4774 eam
909 4709 1030 4776 fossato
1062 4712 1322 4802 circumquaque,
1346 4719 1375 4784 si

357 4955 366 4988 ¹
384 4954 489 5010 omitted
499 4955 526 5008 in
537 4957 593 5014 MS.
846 4960 851 5028 Ι
898 4961 909 4993 ⁹
915 4961 1038 5028 predicte,
1048 4963 1075 5012 in
1087 4963 1144 5018 MS.
