3566 5820
438 891 503 955 144
689 906 887 957 ancrsrrunr
911 905 1233 960 nsnunsnunrmsn.

435 1097 515 1164 dum
547 1101 701 1163 tenuram
732 1115 834 1174 suam,
858 1096 901 1162 ed
925 1094 1052 1185 dictum
1083 1096 1249 1160 auxilium
1279 1097 1349 1162 sive
1379 1094 1488 1162 tailla-

433 1199 526 1286 gium
564 1199 660 1266 nobis
698 1197 934 1284 respondebit;
981 1195 1075 1262 salva
1112 1198 1213 1263 etiam
1251 1197 1346 1264 nebia
1383 1197 1488 1262 libere

402 1309 406 1317 '
433 1301 579 1367 moltura
614 1300 771 1368 dominici
805 1299 906 1377 bladi,
937 1303 973 1364 et
1003 1299 1104 1366 bresii
1140 1301 1254 1378 nostri,
1286 1303 1356 1366 tam
1386 1299 1487 1367 cuns

433 1408 555 1470 nostrae
577 1403 619 1469 de
642 1401 850 1482 caedemus,
875 1423 975 1488 quam
998 1401 1098 1468 curiae
1121 1403 1163 1467 de
1186 1399 1394 1468 Oborlctone.
1442 1401 1487 1468 nt

431 1527 506 1572 cum
540 1503 603 1573 ad¹
636 1503 827 1572 molendina
858 1509 972 1570 nostru
1003 1523 1062 1590 per
1098 1502 1267 1569 abbatiam
1304 1503 1486 1590 reparanda

430 1607 564 1684 fuerint,
591 1609 644 1674 vel
677 1605 818 1674 exclusae
848 1605 1012 1692 erigendae
1043 1606 1098 1672 vel
1130 1606 1355 1683 emendandae,
1378 1603 1486 1672 dictus

432 1709 600 1776 Walterus
647 1710 847 1776 servientem
885 1703 1127 1794 competentem
1161 1707 1206 1772 ad
1244 1706 1485 1795 reparationem

432 1811 706 1888 molendinorum,
729 1811 800 1876 sive
823 1809 1041 1887 exclusarum,
1066 1809 1254 1875 destinabit.

478 1913 563 1979 Cum
591 1919 704 1980 autern
736 1913 778 1977 de
801 1911 890 1978 dicto
913 1911 1063 1978 Waltero
1085 1911 1281 1977 humanitus
1303 1913 1486 2000 contigerit,

432 2017 559 2082 dictum
582 2016 807 2081 molendinum
833 2035 909 2081 cum
932 2016 1086 2081 omnibus
1113 2015 1323 2102 pertinentiis
1352 2015 1396 2082 ad
1427 2037 1486 2081 nos

431 2119 501 2186 sine
524 2117 718 2184 difficultate
740 2122 800 2184 cut
823 2118 1082 2183 contradictione
1104 2117 1217 2202 aliqua
1239 2122 1428 2183 revertetur.

476 2221 517 2283 In
532 2221 627 2304 cujus
650 2221 698 2284 rei
713 2219 951 2296 testimonium,
967 2219 1053 2284 hano
1069 2224 1194 2286 cartam
1217 2220 1323 2285 eidem
1338 2219 1483 2287 Waltero

430 2321 577 2400 fecimus,
602 2325 636 2386 et
658 2321 776 2410 siff'llis
798 2321 921 2390 nostris
944 2321 1156 2408 signavimus.

784 2548 867 2615 ora.
896 2545 1124 2614 conxxvn.

475 2687 579 2755 uana
608 2687 767 2755 warenna·
794 2687 834 2755 aa
859 2687 1022 2773 catenat
1044 2689 1084 2754 aa
1106 2687 1260 2774 qaedam
1282 2693 1373 2754 aare
1394 2687 1436 2752 aa
1479 2639 1484 2652 ’

832 2791 1070 2857 Tuderiotoew.

355 2943 370 2977 ο
473 2919 588 2986 Sciant
626 2923 803 3004 praesentes
841 2923 876 2982 et
920 2917 1034 2996 futuri,
1073 2919 1161 3003 quod
1199 2939 1259 3004 ego
1296 2917 1480 2982 Willelmus

369 3076 401 3110 ou
428 3021 516 3086 filius
539 3019 633 3107 Elyae
654 3022 695 3085 de
711 3019 926 3105 Kayllcweye
949 3019 1066 3084 militis
1088 3019 1175 3097 dedi,
1190 3019 1341 3094 concessi,
1364 3023 1398 3084 et
1419 3018 1480 3084 hac

427 3123 582 3208 praesenti
605 3127 696 3188 carta
718 3141 791 3186 mea
813 3121 1014 3198 confirmavi,
1032 3121 1068 3184 in
1091 3141 1207 3206 puram
1230 3125 1265 3184 et
1286 3126 1479 3206 perpetuam

259 3205 349 3308 pnmrsee
427 3226 563 3290 liberam
599 3223 817 3300 elemosinam,
841 3221 911 3288 Deo
945 3228 979 3288 et
1009 3222 1152 3288 ecelesiae
1175 3221 1290 3288 Sancti
1311 3221 1478 3286 Aldhelmi

427 3327 677 3404 malmesburiae,
701 3331 735 3390 et
758 3325 871 3390 abbati
909 3329 944 3390 et
975 3323 1144 3390 monachis
1175 3324 1299 3390 ibidem
1321 3323 1392 3389 Deo
1415 3345 1480 3388 ser·

425 3428 602 3504 vientibus,
618 3427 755 3512 triginta
780 3431 815 3491 et
837 3448 896 3491 sex
917 3447 1009 3492 acras
1031 3431 1129 3492 terrae
1151 3427 1385 3504 mabiliacum
1407 3447 1478 3511 per-

425 3529 586 3606 tinentiis,
609 3530 645 3593 in
667 3529 791 3614 campis
813 3529 854 3593 de
877 3528 1118 3608 Tuderintone;
1141 3528 1264 3595 scilicet
1296 3529 1331 3592 in
1363 3549 1477 3615 campo

424 3632 561 3698 australi
595 3631 631 3693 in
665 3629 921 3715 Hydeforlonge,
947 3631 1035 3694 inter
1068 3635 1191 3695 terram
1222 3629 1405 3696 Alexandri
1436 3630 1477 3695 de

427 3731 638 3798 Maundevile
660 3737 695 3796 et
716 3736 840 3796 terram
862 3730 1022 3795 Willelmi
1045 3731 1211 3816 Helewys,
1235 3751 1336 3796 unam
1359 3751 1476 3796 acram.

425 3837 553 3901 Ibidem
576 3835 664 3901 inter
690 3840 812 3899 terram
835 3833 919 3898 Adae
942 3833 1092 3918 Duringe
1122 3837 1157 3898 et
1179 3830 1318 3898 Walteri
1341 3833 1478 3909 Vomot,

425 3945 491 4004 tres
513 3959 611 4004 acras.
651 3937 779 4002 Ibidem
803 3955 916 4000 versus
939 3935 1099 4000 orientem
1117 3934 1219 4019 juxta
1241 3939 1363 4000 terram
1383 3935 1478 4022 Elyae

425 4042 650 4118 Eseudemore,
666 4059 766 4104 unam
790 4057 907 4103 acram.
943 4037 1035 4102 Inter
1049 4043 1171 4101 terram
1194 4037 1357 4103 Iohannis
1380 4039 1477 4105 Sara-

424 4145 496 4210 ceni
520 4149 554 4209 et
576 4142 735 4208 Willclmi
758 4141 915 4226 Duringe,
939 4161 1038 4205 unam
1069 4159 1185 4204 aorem
1232 4139 1325 4206 Inter
1356 4146 1476 4207 terram

426 4245 594 4332 Radulphi
626 4246 667 4309 de
699 4245 871 4329 Beyntone
917 4247 951 4307 et
984 4241 1167 4306 Alexandri
1197 4242 1238 4306 de
1279 4243 1477 4320 Mandavile‚

424 4349 596 4414 dimidiam
612 4367 729 4414 acram.
775 4345 817 4409 In
832 4343 1073 4410 Smalemerche
1084 4344 1186 4429 juxta
1200 4343 1360 4410 fossatum
1375 4365 1477 4410 unam

423 4473 540 4526 acram,
565 4469 665 4534 quam
688 4446 854 4512 Walterus
888 4445 930 4510 de
953 4443 1132 4510 Wodelane
1154 4445 1335 4532 aliquando
1359 4447 1478 4514 tenuit.

424 4553 464 4616 In
489 4549 731 4637 Kyngeslonde,
755 4549 842 4612 inter
875 4551 996 4612 terram
1028 4547 1146 4612 Aliciee
1179 4547 1219 4612 de
1251 4548 1284 4613 la
1309 4547 1409 4614 Felde
1443 4555 1479 4614 et

423 4651 636 4738 Radulphum
674 4649 719 4714 de,
753 4647 924 4733 Beyntone
963 4648 1136 4716 dimidiam
1172 4669 1289 4716 acram
1358 4649 1399 4716 In
1439 4649 1476 4717 ia

428 4753 581 4841 Wypcpes,
606 4773 705 4818 unam
740 4771 847 4817 coram
876 4751 977 4836 juxta
1006 4755 1128 4817 terram
1159 4749 1294 4816 Thomas
1317 4749 1473 4818 Forestsr.

870 4939 932 4992 ¹⁸10
944 4941 973 4992 ln
985 4941 1041 4994 MS.
