3578 5808
436 865 479 930 32
689 879 888 932 nnsrsruuu
911 879 1234 934 usunusnunmusn

433 1070 589 1136 abbatem
611 1075 646 1136 ot
668 1074 869 1136 conventum
891 1070 935 1136 ab
957 1071 1166 1157 impetitione
1182 1072 1263 1139 dieti
1286 1071 1336 1140 W.
1353 1075 1487 1142 rectoris

433 1173 576 1248 eoelesiae
599 1173 639 1240 de
662 1173 805 1240 Zeotone
826 1173 863 1239 in
885 1173 1018 1240 nomino
1033 1173 1151 1254 Patris,
1170 1179 1205 1240 et
1220 1175 1308 1256 Filii,
1324 1182 1359 1242 et
1382 1177 1486 1265 Spiri-

432 1281 488 1342 tus
511 1273 626 1342 Sancti
649 1274 893 1360 sententialiter
914 1275 1127 1355 absolvimus,
1159 1282 1356 1364 perpetuum
1379 1281 1486 1346 eidem

433 1382 468 1446 et
489 1378 641 1444 omnibus
675 1378 913 1446 suooessoribus
945 1380 1014 1444 suis
1045 1379 1179 1446 nomine
1210 1381 1308 1449 diotae
1341 1382 1485 1450 eoelesiae

433 1481 475 1547 de
498 1481 639 1546 Zeotone
661 1479 698 1544 in
720 1478 818 1546 dietis
853 1479 998 1558 deeimis,
1021 1481 1092 1548 sive
1125 1483 1266 1570 propriis
1297 1486 1485 1572 sumptibus

432 1581 593 1660 excolent,
616 1581 686 1646 sivo
709 1580 783 1646 aliis
806 1581 1155 1662 trerlent'exoolendis,
1171 1585 1371 1672 imponendo
1386 1587 1484 1653 silen-

432 1686 527 1751 tium.
573 1684 619 1750 Et
640 1689 680 1749 ut
701 1683 773 1750 haeo
803 1686 969 1751 sententia
991 1684 1170 1752 diffinitiva
1192 1689 1293 1754 robur
1326 1689 1484 1768 obtinent,

433 1809 505 1853 eum
528 1787 711 1873 sigillorum
733 1791 921 1852 nostrorum
942 1788 1205 1874 appositionibus
1237 1789 1294 1856 etl
1317 1793 1484 1858 roboravi-

432 1912 513 1957 mus
569 1890 688 1956 Deoise
723 1895 836 1956 eutem
874 1890 943 1956 fuit
979 1891 1050 1958 hoeo
1094 1913 1193 1958 oense
1237 1914 1324 1978 enno
1367 1896 1484 1980 gratiss

433 2009 587 2069 uoexxx„
632 1992 668 2056 in
705 1991 823 2079 vigilis
853 1992 1088 2079 Apostolorum
1116 1993 1206 2059 Petri
1242 1999 1277 2059 et
1309 1993 1413 2073 Pauli,
1448 1997 1484 2060 in

432 2095 567 2163 eeclesia
585 2093 743 2160 Omnium
767 2093 964 2162 Sanctorum
987 2093 1093 2160 Oxou.
1140 2095 1257 2162 Velete
1281 2097 1317 2162 in
1332 2097 1484 2166 Domino,

821 2345 903 2414 Ore.
927 2343 1095 2413 CLXXII.

443 2571 446 2576 Α
486 2503 535 2570 ne
557 2499 820 2569 emouerent
842 2497 1024 2586 cojorum
1047 2505 1145 2566 ooo
1166 2499 1265 2588 meu
1286 2498 1429 2569 rrum.

479 2655 593 2723 Seisnt
615 2655 792 2741 praesentes
816 2656 849 2718 et
872 2651 988 2732 futuri,
1013 2653 1102 2739 quod
1132 2675 1192 2742 ego
1222 2653 1265 2719 N.
1287 2653 1351 2719 Dei
1377 2656 1484 2740 gretia

432 2757 535 2824 abbas
558 2753 811 2836 Melmesburise,
835 2758 869 2820 et
902 2757 994 2820 totus
1018 2755 1165 2842 ejusdem
1199 2755 1263 2822 looi
1293 2763 1482 2836 conventus

431 2859 721 2927 commutationem
743 2862 904 2924 terrerum
920 2858 960 2924 de
976 2857 1241 2944 Gyokeneshulle
1256 2864 1291 2925 et
1312 2859 1353 2925 de
1369 2859 1485 2924 Prent

431 2961 548 3050 esleye,
563 2961 685 3028 foetam
708 2961 796 3026 inter
810 2960 945 3028 fiutrem
968 2965 1118 3028 nostrum
1140 2961 1320 3028 Rodulfum
1342 2963 1482 3049 priorem

431 3067 471 3133 de
498 3064 636 3143 Piltone,
658 3068 694 3129 et
715 3060 864 3129 homines
890 3063 1033 3132 ecelesias
1060 3064 1158 3142 illius,
1182 3064 1315 3142 scilieet,
1343 3063 1482 3130 Giliber·

430 3175 503 3235 tum
526 3174 561 3235 et
582 3165 794 3245 Willelmum,
816 3171 922 3234 rutam
953 3171 987 3232 et
1009 3165 1137 3232 finnem
1160 3165 1275 3233 haberi
1297 3167 1487 3248 statuimus

431 3276 465 3338 et
497 3269 631 3336 oonsilio
655 3267 809 3346 militum,
831 3273 866 3334 et
893 3269 1054 3334 bonorum
1078 3267 1224 3335 virorum
1247 3275 1281 3335 et
1303 3269 1481 3336 amicorum

430 3375 534 3460 ipsius
556 3371 707 3452 ecelesiae,
731 3392 839 3438 sorem
862 3369 982 3457 quibus
1012 3372 1280 3438 oommutetionis
1303 3373 1477 3439 conventio

430 3475 518 3542 fecte
540 3479 598 3551 est,
621 3479 721 3542 oertae
743 3478 864 3540 nostrae
895 3473 1136 3551 testificatione,
1160 3495 1233 3540 eum
1256 3474 1356 3561 sigilli
1378 3476 1483 3541 nostri

430 3576 635 3664 oppositione
658 3575 813 3642 roborate
834 3581 869 3642 et
891 3576 1102 3657 confirmato;
1124 3598 1166 3642 ne
1190 3577 1264 3662 quis
1279 3578 1482 3664 inposterum

430 3678 603 3766 praedictos
626 3677 664 3746 G.
688 3684 722 3744 et
744 3677 795 3744 W.
819 3683 879 3744 eut
912 3678 1047 3746 heredes
1078 3701 1191 3745 eorum
1225 3681 1328 3766 possit
1361 3681 1482 3766 injuste

430 3803 560 3862 vexere,
594 3787 629 3848 et
662 3779 751 3868 quod
781 3781 905 3848 foetum
936 3787 987 3848 est
1018 3781 1055 3846 in
1089 3781 1221 3846 irritum
1253 3802 1375 3848 voosre.
1423 3782 1483 3850 Est

429 3890 542 3950 eutem
564 3885 634 3951 haee
656 3885 841 3962 conventio,
858 3883 947 3971 quod
962 3884 1027 3972 ipsi
1043 3889 1078 3950 et
1093 3883 1232 3949 heredes
1247 3904 1360 3949 eorum
1382 3884 1482 3950 hube-

429 3989 515 4054 bunt
544 3992 666 4054 terrem
697 3988 738 4054 de
762 3986 983 4074 Prsntesleys,
1006 3991 1040 4052 et
1071 3987 1111 4053 de
1135 3985 1269 4054 ecclesis
1290 3987 1332 4053 de
1355 3987 1483 4053 Piltone

430 4111 502 4156 eom
536 4089 699 4155 tenebunt
732 4086 833 4153 libere
865 4092 899 4154 et
933 4087 1044 4174 quiete
1075 4087 1118 4154 ab
1145 4087 1235 4154 omni
1258 4087 1394 4154 servitio
1425 4111 1483 4175 pro
1544 4141 1549 4151 .

413 4193 556 4260 ¹duobus
580 4192 636 4259 sol.
659 4196 798 4270 tontum,
815 4212 896 4277 quos
918 4190 1058 4257 reddent
1080 4191 1254 4258 annuatim
1277 4191 1419 4258 eoolesiae
1442 4193 1482 4257 de

430 4296 560 4366 Piltone
582 4298 625 4365 ed
648 4296 730 4362 duos
753 4295 920 4374 terminos,
944 4294 1075 4376 scilieet,
1100 4297 1143 4364 sd
1166 4295 1292 4364 Pssoha
1317 4297 1375 4363 xii.
1402 4296 1485 4374 den,

431 4405 465 4465 et
496 4399 540 4466 ed
570 4399 692 4465 festum
715 4395 830 4464 Sancti
852 4395 1024 4464 Michaelis
1046 4397 1104 4466 xii
1128 4399 1201 4466 den
1248 4397 1349 4466 Salvo
1382 4400 1484 4486 reguli

429 4502 564 4568 servitio
580 4501 669 4588 quod
683 4501 813 4567 solvent
827 4499 892 4587 ipsi
907 4501 1086 4568 secundum
1102 4501 1373 4568 consuetudinem
1388 4505 1484 4567 terrae

427 4605 603 4692 praedietae.
649 4601 695 4671 Et
715 4601 852 4670 venient
873 4601 917 4670 ud
939 4601 1148 4674 hundredum
1172 4609 1208 4670 et
1229 4603 1273 4670 ed
1294 4605 1419 4671 ouriem
1442 4605 1483 4670 de

916 4826 924 4857 ¹
943 4823 996 4876 sto.
