3524 5808
512 913 710 962 asorsrsuu
734 909 1057 960 irinuassusrsuss.
1241 897 1306 959 355

256 1097 322 1162 mei
353 1098 388 1162 in
423 1099 504 1164 villa
535 1099 576 1164 de
621 1097 878 1182 Hanekyntone.
936 1097 991 1162 Ita
1023 1097 1112 1182 quod
1153 1119 1213 1162 neo
1248 1119 1307 1184 ego

257 1200 384 1278 Avioia,
407 1223 467 1266 nee
489 1201 610 1286 aliquis
632 1200 791 1264 heredum
815 1199 869 1264 vel
892 1200 1134 1286 assignatorum
1151 1221 1307 1278 meorum,

257 1301 390 1387 aliquod
410 1303 466 1387 jus
482 1303 536 1367 vei
559 1301 714 1366 olamium
738 1300 792 1365 vel
808 1301 943 1386 aliquod
967 1300 1150 1365 dominium
1174 1301 1208 1364 in
1225 1323 1307 1386 proe-

258 1404 355 1468 dietis
377 1405 473 1469 terris
495 1427 552 1470 seu
576 1405 782 1481 tenementis,
807 1403 919 1468 velia
942 1403 1108 1488 aliquibus
1142 1405 1308 1488 pertinen·

259 1506 316 1570 tiis
338 1507 415 1584 suia,
437 1507 548 1592 aliquo
583 1511 729 1591 tempore
764 1505 859 1570 nobis
893 1505 1024 1591 exigere
1048 1505 1101 1569 vel
1133 1507 1308 1572 vendicare

259 1609 419 1694 possimus
446 1609 687 1696 inperpetuum.
744 1607 809 1673 Sed
843 1608 995 1694 praedieti
1027 1607 1129 1672 abbas
1164 1614 1198 1671 et
1231 1630 1307 1673 eon-

260 1716 379 1774 ventus
402 1716 436 1775 et
459 1731 570 1776 eorum
593 1732 793 1778 successores
816 1709 961 1775 habeant
984 1715 1019 1775 et
1052 1715 1189 1774 teneant
1221 1715 1309 1775 totas

259 1813 432 1898 praedictas
455 1821 559 1878 terras
582 1819 616 1878 et
638 1818 828 1878 tenemeuts
858 1834 932 1877 eum
956 1811 1108 1877 omuibus
1142 1813 1309 1898 pertinen-

260 1915 317 1978 tiis
341 1915 417 1991 suis,
442 1913 542 1980 libere
566 1924 600 1980 et
623 1915 743 2000 quiete,
768 1915 850 1979 bene
882 1919 916 1978 et
937 1914 1080 2000 pacifice,
1104 1914 1174 1978 sine
1197 1913 1310 2000 aliqua

259 2017 518 2084 contradictione
553 2017 607 2082 vel
630 2017 863 2083 reclamatione
888 2018 952 2082 mei
981 2016 1034 2082 vel
1068 2016 1227 2082 heredum
1251 2039 1309 2082 seu

260 2119 501 2206 assignatorum
517 2141 662 2184 meorum
689 2119 933 2206 inperpetuum.
971 2118 1016 2184 Et
1031 2119 1066 2182 in
1083 2119 1310 2184 testimouium

259 2220 359 2304 hujus
381 2222 580 2286 remissionis
603 2227 638 2286 et
661 2222 782 2306 quietae
805 2221 990 2286 clamantiee
1013 2243 1102 2296 meae,
1126 2220 1188 2285 hoe
1210 2223 1311 2307 serip-

259 2330 331 2388 tum
355 2325 477 2389 eisdem
512 2324 627 2388 abbati
650 2329 684 2388 et
715 2324 895 2395 conventui
927 2323 997 2400 feei,
1022 2327 1056 2387 et
1086 2322 1170 2386 illud
1202 2324 1310 2410 sigillo

259 2446 332 2489 meo
354 2425 493 2511 signavi.
541 2424 618 2488 Hiis
651 2426 800 2502 testibus,
817 2425 959 2489 dominis
975 2423 1119 2488 Hearieo
1142 2423 1182 2488 de
1206 2424 1311 2491 cerne

260 2531 294 2590 et
317 2526 458 2591 Rioardo
482 2526 522 2590 de
539 2526 760 2612 Daunteseye,
776 2526 961 2600 militibus:
985 2525 1129 2590 Henrieo
1152 2525 1182 2590 le
1199 2525 1310 2605 Blunt,

262 2629 402 2694 Ricardo
425 2627 563 2712 Parfayt
586 2629 625 2692 de
657 2629 690 2695 la
713 2629 786 2706 Lee‚
809 2628 963 2694 Johanne
987 2628 1029 2692 de
1053 2627 1311 2714 Hanekyntone,

261 2729 388 2816 Rogero
411 2735 446 2796 et
468 2730 576 2794 Adam
599 2730 640 2794 de
664 2728 889 2806 Cherlintone,
913 2735 947 2794 et
969 2729 1084 2794 multis
1106 2729 1189 2794 aliis.
