3524 5808
490 861 554 926 396
903 873 1081 924 mouson
1105 871 1140 922 11.

489 1059 686 1136 Garesdono‚
721 1058 917 1126 Waierando
940 1063 975 1124 et
998 1058 1143 1124 Waltero
1159 1059 1200 1126 de
1223 1057 1345 1126 Sancto
1369 1057 1535 1138 Germano,

488 1162 630 1230 Rioardo
673 1161 854 1240 Marescall,
891 1162 1050 1230 Alwardo
1087 1161 1272 1248 praeposito,
1307 1161 1436 1248 Rogero
1473 1161 1535 1228 filio

489 1264 653 1343 Estrildee,
699 1264 823 1330 Arther
858 1263 1005 1351 janitore
1054 1263 1277 1340 Nomendiae,
1321 1261 1464 1330 Rioardo
1500 1263 1535 1330 de

490 1367 671 1454 Hampton,
704 1357 871 1434 Willelmo
902 1366 972 1433 filio
1010 1365 1138 1446 Godrio,
1177 1366 1292 1434 Wlure
1325 1365 1427 1432 fratre
1461 1365 1535 1452 ejus,

489 1469 634 1536 Roberto
657 1469 698 1537 de
729 1468 898 1548 Goufalde,
934 1468 1126 1556 Svynegar,
1150 1468 1277 1538 Thoma
1311 1467 1535 1556 Flandrigem„

490 1571 613 1638 Milone
637 1571 678 1638 de
701 1570 900 1639 Somerford

636 1795 640 1804 “
737 1793 842 1862 Oorto
863 1793 1001 1862 Roberto'
1024 1794 1219 1875 Oterletooe,
1241 1801 1295 1862 eto.

535 1947 699 2014 Robertus
722 1945 786 2013 Dei
808 1947 919 2034 gratia
939 1947 1042 2014 abbas
1065 1946 1365 2014 Maimesburiensis
1398 1945 1535 2012 ecelesia

490 2056 526 2118 et
556 2055 739 2118 conventus
780 2051 936 2137 ejusdem,
972 2051 1125 2117 omnibus
1157 2049 1235 2115 filiis
1269 2054 1391 2116 sanotae
1422 2049 1536 2114 matris

491 2151 632 2220 eeclesiae
655 2151 804 2218 salutem.
850 2151 979 2218 Notum
1005 2151 1050 2218 sit
1073 2151 1167 2217 vobis
1193 2172 1253 2218 nos
1276 2150 1471 2218 concessisse
1506 2153 1537 2213 et

489 2255 551 2321 hae
582 2259 673 2320 oorta
704 2258 817 2320 nostra
848 2253 1057 2320 confirmasse
1089 2253 1238 2320 Wiberto
1276 2253 1346 2320 filio
1381 2251 1537 2318 Willehni

489 2378 591 2423 unam
613 2357 779 2443 virgatam
802 2360 900 2424 terrae
922 2357 958 2421 in
981 2355 1168 2434 Cherltone,
1192 2378 1265 2442 quae
1287 2355 1355 2422 fuit
1370 2354 1536 2441 Radulphi
1624 2373 1626 2376 ·

490 2445 711 2546 Franoigenae,
734 2479 795 2545 pro
817 2459 964 2546 quinque
986 2459 1099 2526 solidis
1133 2480 1348 2546 perannum,
1382 2463 1417 2524 et
1443 2457 1537 2522 dimi·

490 2563 579 2628 diam
601 2562 768 2650 virgatam
790 2583 891 2648 quam
915 2561 1058 2628 Gerinus
1082 2561 1193 2627 tenuit
1215 2562 1256 2628 de
1276 2559 1313 2626 lo
1336 2557 1537 2646 Blokeorofte

486 2687 545 2751 pro
568 2664 697 2731 duobus
719 2663 833 2730 solidis
856 2665 893 2729 in
916 2663 1011 2730 feodo
1034 2665 1137 2742 firmo,
1154 2663 1246 2730 salvo
1262 2663 1366 2750 regali
1390 2662 1536 2728 servicio.

484 2767 529 2834 Et
551 2788 653 2834 unam
686 2768 852 2854 virgatam
875 2773 974 2834 terroe
996 2767 1034 2832 in
1057 2765 1245 2846 Oberltone‚
1269 2787 1371 2853 quam
1395 2765 1537 2832 Gerinus

485 2869 596 2938 tenuit
619 2871 659 2936 de
682 2869 864 2948 forestaria,
886 2870 975 2936 siout
997 2869 1069 2956 ejus
1092 2875 1184 2936 carta
1206 2873 1359 2947 testatur,
1382 2874 1418 2934 et
1441 2867 1535 2933 dimi-
1631 2891 1635 2898 ·

421 2967 423 2974 ’
486 2973 575 3038 diam
597 2971 712 3038 hidam
734 2993 835 3058 quam
858 2971 991 3037 Hubert
1024 2971 1297 3038 Constabulnrius
1329 2971 1443 3036 tenuit
1480 2992 1538 3057 per

485 3074 661 3140 servicium
684 3073 784 3138 unius
814 3073 990 3138 servientis
1024 3074 1068 3138 ad
1099 3072 1313 3139 serviendum
1347 3071 1536 3158 hospitibus

485 3176 522 3241 in
544 3175 622 3242 aula
644 3175 685 3242 de
708 3175 862 3262 dispensa
884 3179 919 3242 et
941 3174 1151 3253 buticularia,
1168 3175 1260 3242 solvo
1283 3174 1356 3259 ejus
1379 3175 1537 3242 oorrodio.

486 3279 531 3344 Et
555 3284 714 3365 praeterea
745 3299 846 3344 unam
878 3277 1044 3364 virgatam
1079 3283 1176 3344 terrae
1208 3278 1249 3344 de
1283 3282 1475 3343 tenemento
1498 3277 1538 3342 de

485 3379 733 3467 Brokenbergia
758 3379 860 3466 juxta
884 3378 1155 3465 Kynegereshay,
1178 3379 1352 3444 dimidiam
1382 3378 1540 3445 videlieet

485 3507 559 3571 quse
594 3485 660 3550 fuit
693 3483 888 3550 Theodorioi
923 3489 1141 3570 cognomento
1172 3482 1274 3569 Boyo‚
1297 3488 1332 3549 et
1364 3483 1537 3548 dimidiam

484 3609 559 3672 queo
581 3585 648 3650 fuit
662 3584 800 3670 Aiwyni
823 3584 976 3662 Masonis,
991 3605 1051 3670 pro
1066 3583 1178 3650 franoo
1201 3583 1348 3662 servicio,
1364 3583 1425 3650 tali
1441 3584 1538 3668 quale

484 3690 527 3756 ad
563 3689 727 3776 virgatam
760 3693 857 3753 terrae
880 3687 1033 3774 pertinet.
1085 3687 1168 3754 Haeo
1205 3686 1317 3754 omnia
1348 3691 1540 3753 tenemento

484 3791 692 3859 concedimus
714 3789 745 3854 ei
768 3795 803 3855 ot
836 3788 1013 3854 heredibus
1047 3789 1116 3854 suis
1146 3788 1294 3854 tenenda
1326 3789 1368 3853 do
1403 3788 1540 3854 ecelesia

484 3899 599 3960 nostra
621 3893 657 3957 in
688 3892 784 3958 feodo
806 3897 840 3958 et
873 3891 1060 3958 hereditate
1094 3912 1154 3977 pro
1189 3891 1359 3977 praedietis
1383 3891 1541 3970 servitiis,

485 3997 577 4063 salvo
615 3996 720 4082 regati
762 3996 908 4062 servicio.
971 3995 1048 4060 Hiis
1091 3994 1242 4072 testibus,
1285 3994 1450 4060 Gaufrido
1499 3995 1540 4059 de

485 4098 746 4164 Erenkeworthe
768 4105 803 4164 et
825 4098 970 4164 Roberto
993 4097 1095 4165 fratre
1118 4097 1198 4185 ejus,
1214 4096 1363 4164 Waltero
1387 4095 1539 4182 Nywen-

486 4209 563 4270 tono
586 4207 621 4269 et
643 4201 785 4270 Ricardo
808 4201 879 4288 ejus
894 4200 972 4268 filio.

313 4457 430 4510 anses.
918 4435 1112 4520 maome.

315 4597 436 4657 mespres
532 4583 643 4652 Labbe
675 4583 715 4648 de
739 4579 968 4645 Maumesburs
1000 4580 1043 4646 ad
1075 4599 1123 4644 un
1154 4575 1239 4663 boys
1270 4577 1328 4662 qui
1360 4580 1411 4640 est
1444 4577 1545 4661 apeie

315 4661 415 4777 {3012th
424 4726 467 4778 the
487 4689 678 4774 Flusrygge,
702 4687 906 4770 purtenaunt
939 4703 1045 4748 asun
1080 4701 1195 4745 maner
1225 4680 1266 4744 de
1298 4678 1543 4756 Oruddewelle,
