3526 5810
434 839 499 904 250
682 850 884 905 ,ammaum
907 849 1229 902 mnumausmrsn.

435 1039 610 1107 heredibus
645 1039 698 1106 vel
730 1039 907 1128 assignatis
941 1039 1019 1116 suis,
1042 1037 1113 1104 sine
1145 1037 1213 1104 ullo
1250 1038 1479 1110 retinemento,

430 1165 533 1230 usque
555 1145 598 1210 ad
620 1143 803 1231 legitimam
824 1146 959 1208 atatem
992 1140 1150 1206 heredum
1181 1141 1331 1228 praedicti
1353 1139 1479 1206 lohan-

263 1263 377 1318 rasse.
432 1248 492 1325 nis,
516 1247 575 1334 qui
597 1269 687 1313 nunc
708 1252 795 1324 sunt,
818 1251 952 1313 etcum
974 1246 1127 1310 omnibus
1149 1245 1223 1312 aliis
1246 1245 1382 1311 escaetis
1404 1264 1480 1329 quae

430 1349 598 1436 praedietis
627 1349 743 1416 abbati
774 1353 808 1414 et
839 1347 1025 1426 conventui,
1050 1349 1178 1414 ratione
1211 1347 1378 1436 praedictae
1406 1367 1481 1412 ous-

431 1453 533 1519 todise
566 1452 653 1519 infra
685 1457 819 1519 aetatem
852 1452 1010 1518 heredum
1042 1451 1193 1538 praedicti
1224 1449 1387 1518 Johannis
1421 1449 1480 1534 qui

430 1577 520 1622 nunc
540 1561 628 1634 sunt,
651 1554 762 1640 aliquo
796 1554 893 1620 modo
924 1560 1059 1641 possent
1091 1555 1243 1621 accidere.
1290 1553 1361 1618 Nee
1382 1550 1481 1618 liceat

429 1658 588 1744 praedicto
610 1659 767 1746 magistro
800 1657 985 1744 Badulpho,
1008 1656 1062 1722 vel
1093 1657 1269 1722 heredibus
1298 1677 1359 1722 seu
1378 1655 1481 1740 assig-

429 1763 518 1827 natis
540 1761 617 1842 suis,
640 1761 814 1846 praedictas
836 1766 941 1826 terras
964 1761 1004 1826 (16
1027 1761 1182 1826 Westone
1204 1759 1303 1826 alicui
1326 1760 1363 1824 in
1384 1758 1480 1823 feodo

431 1863 581 1941 vendere,
603 1864 659 1929 vel
691 1862 803 1949 aliquo
834 1863 900 1930 alio
930 1862 1028 1929 modo
1059 1863 1211 1941 alienare,
1233 1883 1294 1927 nec
1327 1862 1363 1926 in
1396 1883 1480 1946 prae-

431 1965 528 2030 dictis
549 1965 647 2029 terris
668 1971 801 2030 vastum
824 1965 878 2029 vel
910 1964 1057 2044 exilium,
1079 1964 1134 2030 vel
1164 1965 1310 2050 aliquam
1333 1963 1480 2032 destruc-

430 2066 556 2142 tionem
577 2067 694 2144 fucere,
717 2089 776 2153 per
797 2089 897 2153 quam
930 2068 1083 2154 praedicti
1116 2069 1219 2134 abbas
1241 2073 1276 2133 et
1297 2071 1480 2134 conventus

431 2159 610 2256 dampnum
641 2171 805 2236 incurrere
835 2171 970 2256 possint.
1017 2170 1083 2236 Sed
1116 2170 1293 2256 praedictus
1324 2168 1481 2255 magister

431 2272 637 2358 Radulphus,
659 2277 694 2338 et
715 2270 852 2338 heredes
874 2278 909 2338 et
930 2273 1090 2359 assignati
1112 2274 1173 2350 sui,
1189 2273 1310 2350 domos
1332 2271 1479 2360 gardina,

430 2379 535 2461 prata,
558 2392 687 2461 pascua,
710 2381 744 2441 et
778 2377 889 2442 omnia
922 2376 989 2442 alia
1021 2376 1065 2441 ad
1097 2376 1271 2463 praedictss
1304 2381 1408 2441 terras
1438 2375 1481 2439 de

432 2478 588 2543 Wsstone
610 2479 820 2564 pertinentia,
843 2478 1002 2564 praedicta
1032 2478 1174 2544 durante
1204 2479 1353 2544 custodia
1381 2480 1419 2542 in
1440 2501 1480 2543 eo

433 2585 524 2646 statu
548 2603 613 2667 quo
635 2583 709 2667 ipsa
731 2587 933 2668 receperunt,
955 2582 1010 2647 vel
1043 2581 1179 2660 meliori,
1203 2583 1271 2647 suis
1294 2581 1481 2668 sumptibus

283 2747 303 2780 0
433 2685 670 2766 sustinebunt;
709 2690 840 2752 etcum
874 2684 1010 2750 heredes
1041 2685 1191 2770 praedicti
1225 2684 1388 2750 lobannis
1421 2685 1480 2770 qui

434 2809 523 2852 nune
546 2789 691 2852 suntad
713 2787 897 2873 legitimam
921 2791 1055 2852 aetatem
1089 2788 1309 2873 pervenerint,
1343 2788 1479 2872 praedic-

433 2896 487 2954 tus
519 2892 676 2976 magister
698 2891 893 2978 liudulphus
927 2895 961 2954 ot
993 2891 1128 2956 heredes
1152 2891 1202 2956 vel
1227 2892 1387 2977 assignati
1418 2893 1478 2970 sui,

432 2993 606 3079 praedictas
629 2999 734 3059 terras
757 2994 797 3058 de
820 2993 976 3060 Westone
1010 2993 1123 3059 heredi
1146 2995 1294 3080 praedieti
1316 2994 1479 3061 dohannis

432 3097 631 3181 quicumque
668 3095 776 3173 fuerit,
810 3097 937 3182 integre
970 3097 1040 3162 sine
1077 3097 1190 3182 aliqua
1222 3097 1480 3163 contradictione

430 3199 571 3264 reddent
593 3203 627 3264 et
649 3199 834 3264 restituent.
881 3200 927 3264 Et
948 3200 1097 3285 praedieti
1120 3199 1221 3265 abbas
1244 3203 1279 3263 et
1300 3207 1481 3266 conventus

431 3302 614 3368 custodiam
636 3301 869 3388 praedictarum
898 3308 1061 3370 terrarum
1095 3323 1170 3368 cum
1200 3303 1375 3389 maritagio
1397 3325 1480 3389 prse-

430 3403 527 3483 dieto,
551 3409 586 3470 et
607 3404 759 3469 omnibus
788 3405 864 3470 aliis
895 3406 1103 3491 pertinentiis
1137 3404 1213 3482 suis,
1235 3406 1322 3471 sicut
1343 3407 1480 3492 praedic-

417 3511 506 3572 'turn
529 3512 587 3584 est,
610 3506 769 3592 praedicto
791 3508 950 3596 magistro
972 3507 1156 3594 Radulpho‚
1172 3512 1207 3573 et
1228 3506 1404 3574 heredibus
1426 3510 1479 3575 vel

432 3609 607 3697 assignatis
629 3611 706 3688 suis,
737 3632 841 3695 usque
874 3612 917 3677 ad
940 3612 1122 3698 legitimam
1155 3615 1288 3682 aetatem
1322 3612 1479 3677 heredum

432 3711 583 3798 praedicti
606 3710 769 3776 Johannis
792 3713 849 3797 qui
882 3735 971 3778 nune
1002 3719 1088 3790 sunt,
1112 3717 1228 3779 contra
1261 3734 1373 3778 omnes
1395 3735 1479 3778 mor-

436 3815 519 3882 tales
535 3816 810 3893 warantizabunt‚
826 3821 860 3882 et
883 3815 923 3881 de
946 3816 1099 3882 omnibus
1121 3817 1268 3883 serviciis
1290 3821 1325 3882 et
1348 3818 1480 3883 deman-

435 3922 486 3986 dis
519 3919 562 3984 ad
595 3919 770 4004 capitalem
803 3920 974 3986 dominum
1005 3921 1046 3985 de
1069 3921 1224 3987 Westone
1247 3922 1479 4006 spectantibus,

432 4021 669 4108 acquietabunt
691 4027 725 4086 et
747 4021 932 4089 defendent.
978 4021 1041 4089 Pro
1063 4021 1125 4088 hae
1154 4029 1267 4088 autem
1288 4023 1481 4090 venditione

434 4130 468 4190 et
504 4123 711 4189 concessione
748 4124 841 4189 dedit
878 4125 1055 4210 praedictus
1093 4125 1250 4210 magister
1285 4125 1481 4212 Radulphus

434 4226 602 4315 praedictis
639 4226 753 4291 abbati
791 4232 825 4292 et
869 4229 1048 4295 conventui
1086 4228 1261 4314 sexaginta
1298 4235 1332 4294 et
1370 4229 1481 4295 decem

434 4349 559 4394 marcas
581 4329 720 4414 argenti.
759 4329 800 4392 In
823 4331 917 4416 cujus
940 4331 986 4394 rei
1010 4331 1237 4394 testimonium
1260 4330 1338 4396 huie
1359 4333 1481 4417 scripto

437 4429 595 4515 bipertito
633 4436 743 4514 partes
782 4430 890 4516 sigilla
930 4455 991 4500 sua
1027 4433 1217 4498 alternatim
1249 4441 1480 4519 apposueumt.

435 4532 511 4596 Hiis
534 4531 682 4596 testibus.
1425 4539 1430 4550 '
