3524 5808
667 873 847 924 neennnrx
870 874 891 923 1.
1247 861 1313 928 387

257 1065 292 1124 et
322 1057 492 1126 Johannes
523 1059 577 1123 vel
611 1058 746 1125 he'redes
778 1060 839 1136 sui,
873 1064 934 1124 aut
957 1059 1107 1145 praedicti
1139 1059 1241 1124 abbas
1279 1065 1312 1124 et

258 1166 448 1238 conventus,
471 1167 530 1227 ant
556 1182 754 1227 successores
777 1163 838 1238 sui,
862 1161 990 1228 ratione
1012 1162 1132 1226 statuti
1154 1161 1313 1247 praedicti,

259 1285 316 1349 per
347 1285 407 1331 nos
445 1263 498 1329 vel
539 1263 674 1330 heredes
711 1270 840 1330 nostros
878 1265 955 1329 inde
993 1265 1241 1330 occasionantur
1278 1265 1313 1327 in

259 1366 370 1452 aliquo
396 1389 454 1432 seu
477 1373 665 1453 graventur.
712 1367 821 1432 Salvis
848 1371 958 1432 tamen
982 1364 1178 1453 capitalibus
1211 1367 1313 1432 domi-

258 1469 310 1532 nis
342 1469 430 1534 feodi
462 1467 551 1534 illius
581 1471 728 1535 serviciis
751 1469 828 1534 inde
851 1469 973 1534 debitis
996 1474 1031 1534 et
1053 1469 1224 1534 consuetis.
1273 1469 1313 1533 ln

259 1571 352 1657 eujus
384 1573 431 1636 rei
466 1563 696 1654 testimoninm
725 1571 785 1637 has
816 1571 945 1636 litteras
976 1576 1104 1636 nostras
1138 1571 1207 1637 fieri
1236 1571 1313 1636 feci·

149 1733 154 1740 .
257 1695 331 1738 mus
366 1680 523 1760 patentes.
571 1674 667 1740 Teste
701 1697 752 1740 me
776 1675 847 1761 ipso
869 1673 958 1760 apud
981 1673 1171 1749 Westmon„
1198 1674 1312 1737 tertio-

259 1776 384 1842 decimo
408 1777 460 1842 die
483 1776 587 1853 Junii‚
610 1799 697 1842 anno
720 1777 812 1862 regni
836 1777 939 1841 nostri
963 1776 1128 1841 vicesimo.

259 2089 388 2155 ulnera
419 2089 618 2176 qne-ieloolioe
648 2090 785 2156 domini
807 2089 991 2156 Eclmuooli
1023 2089 1155 2157 cornices
1177 2090 1310 2154 omo-

465 2192 526 2258 ba'ce
550 2192 589 2257 do
608 2193 713 2278 firmo
737 2192 827 2258 oillce
850 2192 1107 2258 hlolmeaburaoe.

304 2394 465 2458 Omnibus
489 2393 614 2458 Christi
638 2393 789 2458 fidelibus
819 2394 862 2458 ad
885 2414 967 2478 quos
989 2397 1166 2479 praesentes
1189 2391 1310 2456 litterae
1324 2403 1462 2466 Quinance

257 2498 479 2582 pervenerint,
456 2497 712 2560 tEdrnundus
749 2517 855 2561 comes
892 2496 1066 2561 Coruubiae
1100 2495 1282 2560 salutem'
1273 2516 1309 2558 ιιι
1322 2469 1470 2589 ggoffiffl

257 2599 400 2664 Domino
434 2599 674 2684 sempiternam.
721 2599 806 2663 Cum
840 2597 952 2663 dilecti
984 2597 1118 2662 nobis
1109 2619 1144 2661 m
1167 2596 1307 2674 Christo,
1324 2603 1435 2654 wallfor

258 2701 410 2766 dominns
442 2700 626 2766 Willelmus
660 2701 761 2765 abbas
785 2701 825 2764 de
848 2699 1082 2765 Malmesburia
1104 2705 1139 2764 et
1161 2699 1307 2786 ejusdem
1321 2671 1429 2786 hirior

257 2804 323 2869 loci
351 2808 543 2881 conventus,
565 2804 606 2868 de
640 2803 734 2868 nobis
764 2804 933 2867 tenuerint
954 2802 1069 2866 villam
1092 2803 1132 2866 de
1157 2801 1308 2866 Malmes-
1279 2804 1442 2936 -ffiarlprev

258 2905 353 2970 buria
383 2905 426 2970 ad
456 2904 542 2970 feodi
566 2905 703 2981 filinam,
727 2926 786 2989 pro
808 2905 930 2990 viginti
953 2904 1046 2969 libris
1068 2902 1310 2990 stellingorum,
1325 2940 1354 2987 13
1367 2937 1436 2988 June

259 3008 353 3073 nobis
376 3008 550 3072 annuatim
573 3007 616 3072 ad
638 3007 759 3071 festum
783 3006 916 3072 Paschae
935 3006 1028 3071 etad
1052 3007 1173 3070 festum
1195 3005 1310 3070 Sancti
1327 3007 1399 3052 ¹²⁹²

260 3109 429 3175 Michaelis
461 3131 520 3194 pro
553 3109 735 3193 aequalibus
758 3108 964 3194 portionibus
980 3107 1226 3194 persolvendis:
1251 3128 1311 3171 nos

258 3234 301 3276 ex
324 3213 393 3276 veri
425 3212 548 3276 amoris
577 3211 705 3287 affectu,
730 3233 826 3296 quem
859 3233 937 3296 erga
959 3211 1134 3296 praedictos
1156 3209 1310 3274 abbatem

259 3319 293 3378 et
332 3319 531 3378 conventum
564 3333 602 3377 ac
640 3333 752 3376 eornm
790 3312 922 3377 domum
961 3311 1126 3397 gerimus;
1161 3310 1309 3376 nolentes

259 3417 380 3482 eisdem
415 3417 580 3482 occasione
615 3415 771 3500 praedicta
805 3437 863 3500 per
896 3436 964 3491 nos,
988 3436 1045 3479 sen
1079 3413 1214 3478 herodes
1237 3435 1313 3479 nos·

259 3525 336 3596 tros,
359 3519 413 3584 vel
447 3523 574 3584 nostros
597 3523 794 3595 executores
819 3537 968 3603 processu
1003 3517 1159 3602 temporis
1183 3517 1310 3601 inquie-

260 3621 428 3696 tationem,
459 3621 642 3686 molestiam
674 3621 787 3684 inserri
811 3621 846 3684 in
884 3619 995 3705 aliquo
1029 3641 1086 3684 sen
1123 3641 1311 3705 gravamen,
1400 3687 1402 3692 ,

260 3722 470 3787 universitati
506 3727 625 3787 vestrae
661 3722 894 3788 innotescimus
931 3735 991 3806 per
1028 3727 1214 3806 praesentes
1252 3743 1312 3785 nos

260 3825 450 3912 predictam
485 3826 612 3890 firmam
648 3847 793 3889 annuam
827 3824 948 3911 viginti
983 3824 1142 3888 librarum
1178 3824 1218 3889 de
1242 3829 1312 3890 toto

261 3933 407 4015 tempore
431 3932 542 3993 nostro
569 3927 695 4013 integre
719 3919 876 4014 recepisse
900 3949 1003 4012 usquc
1025 3927 1145 3992 festum
1171 3927 1312 4006 Pasohae,
1325 3956 1343 4005 f.
1360 3960 1388 4005 14
1403 3955 1425 4009 ι,

262 4051 348 4095 anno
386 4029 479 4116 regni
523 4031 608 4116 regis
645 4030 799 4095 Edwardi
841 4029 997 4095 vicesimo
1039 4030 1145 4114 primo
1179 4052 1313 4116 compu-

262 4139 378 4198 tatum.
440 4132 490 4197 De
513 4154 579 4218 qua
601 4133 734 4217 quidem
758 4134 852 4197 firma
874 4155 985 4198 annua
1007 4133 1048 4196 de
1072 4137 1143 4198 toto
1167 4139 1312 4219 tempore

262 4241 374 4301 nostro
398 4258 501 4322 usque
523 4235 647 4300 festum
671 4235 804 4301 Paschae
828 4236 1055 4321 supradictum
1079 4237 1213 4321 penitus
1239 4237 1312 4321 qui-

262 4343 390 4404 ctamus
421 4343 534 4404 tenore
561 4339 775 4424 praesentium
799 4339 984 4403 litterarum
1016 4339 1190 4424 praedictos
1212 4339 1312 4403 abba-

262 4445 330 4505 tem
353 4445 387 4505 et
409 4445 618 4505 conventum.
666 4441 706 4505 In
730 4440 823 4526 cujus
847 4441 894 4504 roi
917 4440 1143 4505 testimonium
1166 4440 1312 4526 sigillum

261 4547 411 4608 nostrum
445 4542 664 4629 praesentibus
698 4549 748 4607 est
770 4565 959 4629 appensum.
1007 4541 1132 4606 Datum
1157 4543 1312 4622 houden„

262 4645 490 4712 tertiodecimo
533 4645 587 4712 die
625 4645 729 4724 Junii‚
775 4669 863 4711 anno
901 4646 993 4732 regui
1031 4646 1117 4732 regis
1156 4646 1313 4712 Edwardi

260 4749 456 4837 supradicto

1074 4867 1178 4930 eet
