3566 5820
556 863 772 918 ¹armarium
796 861 1121 920 uanuusauamssa.
1307 855 1370 918 183

321 1053 405 1131 dere,
426 1055 481 1120 vel
514 1057 692 1134 invadiare,
717 1058 771 1122 vel
793 1057 905 1144 aliquo
928 1057 993 1122 alio
1016 1057 1113 1122 modo
1135 1055 1286 1130 alienare,
1309 1077 1370 1122 nec

322 1158 421 1222 etiam
452 1158 494 1223 ad
529 1159 656 1240 firrnam
695 1181 823 1246 ponere,
860 1161 930 1224 sine
963 1181 1097 1224 assensu
1136 1159 1367 1245 praedictorum

319 1259 448 1326 abbatis
464 1266 498 1325 et
521 1269 711 1338 conventus,
740 1264 804 1328 nisi
828 1262 1016 1328 hominibus
1039 1262 1225 1336 eorundem,
1249 1267 1284 1326 et
1305 1261 1367 1326 hoc

318 1364 358 1428 de
381 1363 552 1430 voluntate
591 1365 821 1450 praedictarum
855 1366 986 1431 abbatis
1011 1371 1045 1430 et
1071 1371 1260 1430 conventus.
1323 1365 1367 1429 Et

318 1488 391 1532 eum
414 1467 455 1532 de
478 1489 546 1532 una
568 1469 621 1533 vel
644 1469 772 1533 duabus
798 1469 963 1532 sororibus
986 1468 1150 1554 praedictis
1174 1467 1366 1532 humanitus

316 1570 499 1656 contigerit,
515 1571 587 1656 ipsa
608 1571 663 1635 vel
679 1572 758 1657 ipsse
773 1593 905 1648 sorores,
922 1593 995 1655 ques
1019 1571 1209 1654 superstites
1232 1569 1364 1644 fuerint,

316 1671 486 1737 habebunt
518 1681 552 1738 et
585 1675 746 1739 tenebunt
777 1679 881 1738 totam
913 1673 1104 1759 praedictam
1137 1679 1256 1736 terram
1290 1694 1364 1737 cum

316 1775 525 1858 pertinentiis
549 1777 617 1840 suis
639 1776 681 1840 ed
706 1776 810 1840 vitem
833 1798 925 1840 suam
950 1779 1080 1838 tentum
1104 1797 1162 1859 per
1189 1775 1363 1839 servicium

315 1879 598 1962 praenominatum.
646 1877 690 1941 Et
719 1899 793 1942 cum
817 1877 857 1941 de
882 1876 1007 1952 Sibilla,
1024 1877 1152 1962 Agnete
1176 1882 1211 1940 et
1228 1876 1363 1942 Metilde

316 1977 509 2044 humanitus
532 1980 718 2066 contigerit,
734 1987 806 2044 tota
830 1979 988 2065 praedicta
1011 1976 1189 2042 terrarum
1211 1981 1363 2044 omnibus

316 2083 524 2168 pertinentiis
559 2083 627 2146 suis
653 2083 695 2148 ad
721 2083 895 2169 praedictos
929 2081 1082 2146 abbatem
1105 2087 1140 2145 et
1163 2088 1363 2146 conventum
1404 2105 1415 2122 r

315 2185 386 2249 sine
417 2185 529 2271 alique
560 2185 818 2252 contradictione
854 2191 1046 2248 revertetur.
1095 2181 1131 2246 si
1163 2205 1242 2247 vero
1280 2205 1363 2270 pree·

314 2288 410 2354 dictae
441 2310 573 2365 sorores,
596 2287 651 2352 vel
674 2309 787 2353 earum
822 2288 994 2364 finnarius,
1018 2307 1115 2371 quem
1139 2286 1179 2350 de
1203 2308 1361 2352 consensu

313 2391 542 2476 praedictorum
575 2391 706 2456 abbatis
738 2398 772 2455 et
806 2395 988 2456 conventus
1011 2388 1197 2464 habuerint,
1228 2397 1361 2455 vastum

313 2495 366 2560 vel
400 2494 654 2561 destructionem
684 2495 720 2558 in
752 2494 912 2570 domibus
934 2493 987 2557 vel
1022 2493 1057 2555 in
1091 2491 1256 2577 aliquibus
1288 2495 1361 2558 aliis

313 2603 408 2666 rebus
447 2602 489 2666 ad
530 2601 721 2688 praedictaur
762 2607 883 2666 terram
933 2599 1175 2686 pertinentibus
1214 2600 1360 2678 fecerint,

312 2706 455 2790 dampna
489 2704 610 2768 eisdem
633 2703 747 2768 abbati
779 2708 813 2768 et
835 2703 1013 2768 conventui
1036 2705 1070 2764 in
1094 2702 1252 2786 prredicta
1274 2709 1361 2768 terra

311 2808 407 2884 facta,
430 2813 506 2896 post
528 2806 695 2872 decessum
719 2807 951 2891 praedictarum
968 2825 1115 2868 sororum
1139 2805 1179 2868 de
1207 2803 1301 2869 bonis
1325 2808 1360 2870 in

311 2909 469 2998 praedicta
495 2915 583 2974 terra
606 2909 760 2983 inventis,
784 2931 841 2994 per
865 2909 974 2971 visum
1002 2907 1147 2970 virorum
1180 2908 1360 2994 fidedigno-

310 3037 392 3093 rum,
419 3013 540 3079 eisdem
564 3011 677 3077 abbati
703 3016 737 3075 et
760 3009 937 3076 conventui
963 3007 1107 3093 plenarie
1133 3009 1358 3076 restituantur.

311 3119 352 3182 In
383 3119 477 3204 cujus
517 3115 564 3180 rei
597 3115 824 3179 testimonium
860 3113 924 3178 hoc
963 3113 1121 3196 scriptum
1152 3110 1194 3175 ad
1225 3115 1359 3179 modum

308 3218 504 3309 cyrographi
527 3223 577 3284 est
600 3215 796 3296 confectum,
813 3223 847 3281 et
870 3215 973 3302 signis
998 3213 1143 3300 partium
1168 3214 1357 3281 alternatim

307 3328 480 3413 signatum.

685 3539 764 3604 GAP.
789 3539 965 3606 CCCXVI.

371 3691 420 3756 De
445 3690 608 3756 &cambio
635 3699 731 3757 terreo
749 3693 841 3778 ficeto
866 3695 1006 3760 Roberto
1023 3697 1104 3782 ⁸silio
1129 3695 1276 3784 Pupuai.
1391 3725 1396 3738 ·

350 3837 523 3904 Universis
546 3839 672 3906 Christi
697 3841 848 3906 fidelibus
871 3865 1014 3927 praesens
1040 3845 1197 3930 scriptum
1233 3845 1476 3914 visurisfieaot.

304 3941 357 4006 val
379 3942 552 4016 audituris,
569 3941 753 4007 Willelmus
777 3943 838 4007 Dei
854 3946 963 4029 gratia
976 3945 1078 4010 abbas
1101 3946 1351 4024 Malmesburiae,
1366 3943 1504 4021 uxchengp

304 4049 338 4107 et
360 4043 506 4128 ejusdem
529 4044 590 4110 loci
613 4050 803 4121 conventus,
819 4045 958 4110 salutem
976 4053 1133 4112 aternam
1150 4049 1184 4111 in
1200 4049 1350 4115 Domino,
1364 4009 1511 4124 {iiim

303 4149 444 4214 Noverit
468 4147 665 4212 universitas
697 4153 807 4212 vestra
840 4170 899 4213 uos
934 4150 1069 4228 dedisse,
1093 4153 1294 4230 concessisse,
1317 4159 1351 4217 et
1364 4144 1452 4193 worth.

301 4251 363 4318 hac
384 4252 540 4338 praesenti
555 4257 645 4316 carta
668 4255 780 4314 nostra
802 4253 1016 4330 confirmasse,
1032 4253 1176 4319 Roberto
1198 4256 1266 4321 filio
1288 4257 1349 4320 Pa-

302 4355 379 4441 gani
402 4353 443 4418 de
478 4354 510 4418 la
540 4353 613 4429 Lea,
647 4374 705 4416 sex
737 4374 827 4417 acras
859 4360 956 4419 terna
994 4363 1114 4422 nostrae
1148 4358 1281 4423 arabilis
1314 4361 1349 4424 in

302 4479 416 4543 campo
439 4457 480 4522 de
503 4453 730 4541 Brenlrewrbe,
754 4477 893 4548 quarum
917 4464 1058 4542 quatuor
1080 4481 1164 4524 acrae
1181 4461 1295 4546 jacent
1313 4462 1348 4526 in

301 4559 442 4644 quadem
481 4559 584 4622 crofta
622 4579 720 4643 quarn
760 4557 923 4623 Robertus
961 4559 991 4624 le
1040 4561 1145 4626 Hoert
1183 4564 1347 4646 quondam

301 4663 409 4726 tenuit
432 4662 520 4748 apud
543 4661 573 4726 le
608 4661 788 4738 Doleacres,
811 4662 885 4727 duae
920 4685 1010 4728 acrae.
1056 4664 1216 4730 Dedimus
1248 4667 1347 4731 etiam

299 4773 334 4830 et
364 4765 580 4832 concessimus
617 4763 723 4829 eidem
762 4763 905 4828 lieberto
943 4786 1043 4830 unam
1082 4766 1220 4852 placiam
1253 4775 1347 4836 terrae
