3578 5808
559 903 758 956 caeternum
781 902 1106 955 munseualnssn
1318 889 1362 961 77

309 1102 326 1130 “
348 1093 572 1182 quadraginta
608 1092 682 1158 den.
704 1097 848 1179 quatuor
881 1093 960 1158 anni
994 1091 1166 1159 terminis:
1205 1092 1363 1159 videlicet

307 1203 324 1232 “
347 1198 389 1264 ad
421 1196 544 1263 festum
568 1193 683 1262 Sancti
705 1193 877 1262 Michaelis
908 1195 1020 1263 decem
1054 1196 1137 1274 den,
1168 1195 1211 1262 ad
1240 1195 1362 1261 festum

306 1309 323 1335 “
346 1299 547 1366 Natiuitatis
578 1297 715 1365 Domini
738 1297 849 1365 decem
872 1297 953 1378 den,
986 1298 1029 1364 ad
1063 1297 1185 1364 festum
1219 1297 1359 1363 Annun-

306 1411 323 1438 “
346 1403 498 1469 ciationis
520 1403 634 1470 Beata
657 1401 772 1470 Mariae
795 1401 907 1469 decem
931 1401 1014 1479 den,
1037 1399 1080 1465 ad
1102 1401 1224 1466 festum
1249 1401 1363 1468 Sancti

306 1515 323 1542 “
346 1505 509 1571 Jchannis
542 1505 702 1591 Baptistae
736 1505 847 1572 decem
878 1504 961 1582 den,
985 1509 1016 1570 et
1049 1525 1151 1570 unam
1189 1503 1361 1569 dimidiam

307 1606 462 1673 “libram
488 1627 570 1674 cerae
589 1607 625 1671 in
647 1607 870 1694 recognitione
889 1606 975 1693 juris
998 1605 1196 1693 parochialis
1220 1605 1362 1672 ecclesiae
1491 1663 1496 1674 .

305 1717 324 1744 ‘¹
345 1709 542 1797 supradictae
580 1708 617 1773 in
654 1707 739 1774 festo
777 1708 935 1774 Omnium
970 1706 1175 1776 Sanctorum.
1223 1707 1364 1773 Familia

306 1820 325 1847 “
347 1817 459 1878 autem
481 1811 645 1878 dictorum
664 1809 782 1898 prioris
805 1815 840 1876 et
858 1811 1006 1890 fratrum,
1024 1832 1098 1897 quae
1121 1809 1273 1877 habitum
1296 1832 1363 1876 non

305 1921 322 1950 “
346 1919 465 2000 portat,
503 1914 669 2002 praedictae
707 1912 850 1979 ecclesiae
889 1913 1005 1980 Sancti
1039 1913 1134 1978 Pauli
1169 1913 1259 1979 omni
1287 1914 1362 2000 jure

307 2025 325 2053 “
346 2016 534 2104 parochiali,
569 2016 655 2082 sicut
692 2015 752 2080 alii
790 2015 950 2081 seculares
988 2017 1029 2080 de
1061 2016 1176 2082 eadem
1198 2015 1363 2104 parochia,

307 2130 325 2157 “
348 2121 480 2186 omnino
515 2121 559 2185 sit
593 2118 748 2206 subjecta,
787 2119 863 2185 tam
887 2121 924 2185 in
954 2121 1166 2186 sacramentis
1189 2125 1224 2186 et
1257 2143 1363 2187 sacra-

307 2221 544 2288 “mentalibus
577 2221 773 2307 recipiendis
797 2241 896 2306 quam
930 2221 967 2284 in
982 2220 1205 2288 oblationibus
1232 2227 1267 2287 et
1289 2223 1363 2288 aliis

306 2333 326 2360 “
348 2346 369 2390 a
389 2323 596 2410 parochianis
619 2322 740 2388 debitis
755 2327 790 2388 et
804 2323 969 2388 consuetis
992 2322 1166 2389 solvendis.
1213 2325 1269 2389 Ad
1291 2325 1363 2391 haec

308 2425 501 2514 “praesenti
532 2423 748 2503 ordinatione,
779 2428 906 2491 statuto
940 2430 976 2491 et
1007 2424 1211 2504 diffinitione,
1242 2431 1361 2506 statue,

310 2537 326 2568 “
350 2527 464 2595 ordino
487 2531 522 2594 et
545 2525 678 2605 diffinio,
702 2526 791 2614 quod
816 2526 966 2613 praedicti
996 2527 1087 2613 prior
1112 2531 1147 2594 et
1169 2529 1286 2596 fratres
1309 2531 1363 2597 vel

310 2641 328 2670 “
350 2653 461 2699 eorum
504 2651 710 2710 successores,
742 2630 958 2718 parochianos
1002 2631 1170 2717 praediotae
1220 2633 1362 2700 ecclesiae

308 2733 463 2802 “Sancti
497 2732 593 2800 Pauli
624 2733 716 2799 nullo
747 2732 845 2800 modo
867 2733 1049 2799 admittant
1082 2735 1125 2800 ad
1159 2742 1363 2804 sacramenta

309 2837 403 2905 “vel
425 2837 468 2904 ad
498 2835 753 2914 sacramentalia,
776 2856 838 2902 nec
860 2856 973 2902 eorum
997 2836 1188 2916 oblationes,
1212 2837 1364 2918 decimas,

308 2950 328 2978 “
350 2943 516 3028 requestas
530 2939 585 3004 vel
607 2937 673 3005 alia
690 2937 768 3025 jura
782 2937 825 3003 ad
848 2937 1039 3024 praedictam
1063 2939 1233 3006 ecclesiam
1250 2941 1364 3008 Sancti

306 3047 327 3080 ‘¹
350 3043 445 3110 Pauli
467 3041 668 3129 pertinentia
690 3039 859 3127 recipiant,
882 3061 943 3107 nec
973 3041 1073 3108 etiam
1095 3041 1200 3128 ipsius
1222 3043 1365 3111 ecclesiae

306 3155 327 3184 “
344 3147 423 3234 jura
447 3143 558 3231 aliquo
583 3144 680 3210 modo
711 3143 915 3230 perturbent,
947 3144 1156 3238 subtrahant,
1182 3151 1241 3211 aut
1268 3145 1363 3211 dimi-

306 3257 328 3286 “
350 3253 464 3316 nuant.
509 3248 563 3313 Ad
598 3267 671 3332 quae
703 3247 814 3312 omnia
847 3247 1060 3325 observanda,
1084 3267 1143 3333 per
1169 3247 1255 3315 hanc
1277 3250 1364 3314 ordi-

307 3352 517 3418 “nationem
554 3351 672 3426 statuo,
713 3349 836 3428 ordino,
870 3351 905 3414 et
942 3347 1079 3427 diffinio,
1114 3349 1202 3436 quod
1241 3351 1364 3438 singuli

308 3464 328 3490 “
350 3454 474 3541 priores
496 3451 532 3517 in
555 3451 643 3517 dicto
665 3451 821 3538 hospitali
856 3451 1063 3529 instituendi,
1090 3451 1177 3518 infra
1199 3457 1272 3518 octo
1295 3453 1365 3519 dies

309 3565 328 3594 “
350 3560 525 3644 postquam
547 3555 591 3621 ad
605 3553 712 3619 locum
728 3553 924 3640 praedictum
939 3555 1157 3641 pervenerint,
1174 3561 1249 3643 post
1271 3579 1364 3624 suam

308 3658 595 3725 “institutionem
625 3657 739 3743 jurent
770 3679 868 3743 super
902 3662 1016 3724 sancta
1037 3657 1102 3723 Dei
1125 3659 1306 3746 euangelia
1329 3661 1364 3725 in

310 3769 328 3799 “
353 3759 529 3849 praesentia
551 3758 667 3825 vicarii
691 3759 789 3826 dictae
813 3759 969 3837 ecclesiae,
993 3760 1081 3845 quod
1105 3759 1191 3827 hanc
1214 3762 1364 3829 observa-

308 3866 476 3931 “tionem
513 3861 655 3927 fideliter
700 3861 931 3926 observabunt.
979 3861 1087 3943 Quam
1125 3864 1365 3930 ordinationem

309 3979 327 4005 “
351 3973 464 4057 partes
486 3965 655 4053 praedictae
670 3968 841 4052 gratantm
863 3965 1122 4051 obacccptantes
1144 3967 1368 4033 submiserunt

309 4080 329 4107 “
353 4093 387 4136 se
420 4067 646 4156 jurisdictioni
684 4067 828 4154 episcopi
856 4065 951 4146 Sarr',
982 4073 1017 4133 ct
1048 4068 1099 4132 sui
1131 4067 1277 4134 officialis
1309 4071 1366 4155 qui

309 4183 326 4210 “
351 4194 411 4260 pro
434 4177 580 4257 tempore
595 4168 704 4248 buerit,
727 4174 797 4235 tam
819 4189 878 4256 pro
909 4189 943 4234 se
975 4190 1074 4255 quam
1108 4191 1167 4256 pro
1201 4173 1269 4237 suis
1295 4195 1367 4239 suc-

305 4285 324 4313 “
350 4275 541 4352 cessoribus,
564 4272 652 4360 quod
685 4273 814 4360 possint
844 4273 932 4360 ipsas
962 4273 1005 4339 ad
1036 4274 1278 4360 praemissorum
1309 4277 1366 4342 cb-

306 4389 326 4416 “
350 4378 571 4446 servationem
594 4374 786 4462 compellere
817 4397 876 4462 per
913 4397 1082 4443 censuram
1106 4377 1365 4458 ecclesiasticam,

305 4492 324 4519 “
350 4481 624 4569 quandocumque
647 4479 794 4545 viderint
816 4476 998 4566 expedire.”

355 4583 427 4650 Nos
451 4595 571 4661 autem,
595 4583 699 4651 relata
721 4580 816 4647 nobis
839 4603 860 4648 a
881 4579 1040 4669 praedicto
1071 4579 1201 4649 officiali
1235 4583 1366 4650 ordina-

303 4689 402 4754 tione
425 4686 584 4774 praedicta
606 4686 668 4750 sub
691 4684 797 4750 forma
819 4687 1014 4772 praenotata,
1037 4685 1142 4771 ipsam
1176 4686 1366 4752 canonicam

301 4787 506 4878 reputantes
542 4787 586 4853 ad
624 4786 770 4874 partium
808 4786 1003 4854 instantiam
1041 4787 1290 4866 confirmamus;
1329 4789 1365 4854 in
