3566 5820
394 875 457 942 206
645 894 842 943 nucrsrnuu
866 895 1185 944 nnunsssusruuss.

734 1081 812 1146 Cur.
838 1080 1103 1147 CCCXXXIIII.

512 1223 702 1289 Recordare
724 1224 764 1288 dc
783 1224 911 1311 placito
936 1232 1031 1290 terrm
1055 1225 1095 1289 de
1117 1225 1326 1292 Foalemutiu.

225 1304 379 1355 AiiceGrok
484 1351 521 1366 ,,

225 1388 249 1420 v.
263 1373 339 1422 Peter
436 1351 545 1417 Ahcra
561 1351 649 1417 Orok
666 1365 723 1437 per
738 1357 945 1418 attornatum
960 1375 1056 1418 suurn
1072 1354 1158 1439 petit
1172 1375 1286 1418 versus
1302 1353 1436 1418 Petrum

226 1439 364 1556 ξξξξξῖοῑ
393 1453 490 1518 Burel
515 1475 614 1519 unam
637 1455 751 1519 hidam
774 1459 870 1520 terrae
893 1477 967 1520 eum
998 1457 1207 1542 pertinentiis
1238 1458 1273 1520 in
1304 1455 1437 1520 Foules-

225 1572 327 1622 Foules-
392 1558 492 1642 wyke
524 1563 563 1622 ut
592 1559 648 1642 jus
680 1580 784 1635 suum,
817 1564 884 1636 eta,
909 1561 996 1624 unde
1028 1561 1162 1644 quidam
1189 1558 1374 1624 Willelmus
1405 1558 1436 1622 le

224 1639 304 1703 wyke.
393 1659 509 1725 Ohanu
533 1667 716 1726 antecessor
737 1683 815 1724 suus
832 1661 898 1727 fuit
920 1661 1062 1746 seysitus
1085 1664 1121 1726 in
1137 1663 1300 1727 dominico
1322 1683 1381 1726 suc
1397 1666 1436 1725 ut
1498 1653 1500 1658 ’

322 1843 323 1846 ¹
392 1763 431 1828 de
454 1763 551 1828 feodo
578 1770 612 1828 et
637 1764 722 1848 jure,
750 1770 894 1848 tempere
929 1765 971 1828 H.
999 1766 1085 1850 regis
1107 1766 1163 1830 ari
1187 1766 1314 1831 domini
1342 1766 1436 1849 regis,

391 1866 549 1951 capiendo
583 1867 660 1930 inde
692 1867 861 1951 expletias
894 1871 952 1932 etc.
1018 1867 1062 1932 Et
1096 1868 1136 1931 de
1168 1869 1238 1954 ipso
1271 1867 1436 1932 Willelmc

392 1968 560 2033 descendit
585 1969 641 2052 jus
664 1973 760 2033 terrm
791 1969 881 2033 illius
904 1970 1034 2034 cuidam
1057 1970 1205 2035 Walters
1235 1976 1274 2036 ut
1303 1971 1372 2034 filio
1402 1974 1436 2034 et

391 2070 511 2148 heredi,
536 2076 570 2136 et
600 2071 640 2135 de
671 2073 742 2156 ipso
768 2071 918 2148 Walters,
948 2072 1078 2136 cuidam
1105 2071 1268 2137 Willelmo
1299 2077 1337 2135 ut
1367 2071 1437 2135 filio

391 2179 425 2240 et
447 2174 567 2250 heredi,
590 2173 686 2238 etde
711 2175 781 2259 ipso
805 2171 980 2250 Willehno,
1002 2176 1081 2260 quis
1104 2176 1187 2240 obiit
1217 2177 1286 2238 sine
1318 2174 1436 2239 herede

391 2278 431 2342 de
464 2298 507 2354 se,
530 2276 699 2340 deseendit
726 2277 783 2360 jus
814 2281 910 2341 terne
946 2277 1034 2341 illius
1067 2278 1197 2342 cuidam
1221 2277 1366 2343 Waltero
1398 2282 1437 2341 ut

390 2379 487 2443 fratri
517 2384 552 2443 et
581 2377 702 2454 heredi,
729 2383 763 2442 et
793 2377 834 2442 de
865 2380 935 2464 ipso
958 2377 1106 2444 Waltero
1138 2379 1268 2444 cuidam
1303 2379 1436 2444 Thomae

391 2488 430 2546 ut
454 2482 523 2546 filio
553 2487 588 2546 et
617 2480 739 2556 heredi,
762 2485 796 2544 et
827 2481 866 2545 de
897 2482 968 2566 ipso
1000 2481 1126 2546 Thema
1159 2481 1214 2546 isti
1249 2481 1364 2546 Alieiae
1398 2488 1436 2546 ut

391 2583 467 2648 filisu
490 2585 665 2650 etheredi.
713 2584 757 2647 Et
779 2584 866 2668 quod
889 2585 956 2648 tale
979 2584 1023 2648 sit
1042 2585 1099 2668 jus
1123 2606 1229 2660 suum,
1249 2584 1352 2660 offert,
1376 2588 1435 2649 etc.

391 2685 435 2750 Et
465 2686 580 2750 Petrus
612 2686 705 2750 veuit
737 2691 771 2750 et
802 2686 951 2750 defendit
979 2687 1035 2770 jus
1067 2707 1172 2764 suum,
1196 2692 1266 2762 eta,
1288 2693 1323 2752 et
1354 2687 1436 2752 dicit

390 2789 477 2874 quod
500 2788 629 2871 injuste,
654 2793 723 2866 etc,
739 2787 860 2853 clamat
881 2794 1002 2852 terram
1025 2788 1116 2854 illam
1141 2794 1179 2853 ut
1201 2811 1273 2854 eam
1296 2789 1435 2854 tenens¹

392 2894 426 2958 in
458 2892 629 2968 dominice,
659 2893 738 2976 quia
771 2892 799 2955 si
831 2891 951 2976 aliquis
993 2891 1070 2956 inde
1097 2913 1171 2956 eum
1207 2889 1435 2976 implacitaret,

328 3022 331 3030 ,
394 2997 465 3080 ipsa
487 2995 621 3059 deberet
643 2995 673 3058 ei
696 2996 919 3059 warantizare.
977 2993 1064 3074 Quia
1087 2995 1264 3080 praedictus
1294 2991 1458 3060 'Thomas'

389 3104 485 3183 pater
514 3099 618 3183 ipsius
654 3097 771 3161 Alicise
809 3098 901 3161 dedit
939 3097 1151 3162 medietatem
1190 3097 1296 3162 eidem
1339 3097 1435 3162 Petro

298 3277 301 3283 Δ
388 3222 447 3286 pro
472 3199 624 3286 homagio
655 3205 690 3264 et
715 3201 853 3264 servicio
883 3221 951 3276 suo,
987 3199 1171 3265 habendam
1198 3205 1233 3264 et
1259 3201 1434 3265 tenendam

388 3306 451 3370 sibi
485 3310 520 3370 et
550 3304 726 3369 heredibus
758 3305 848 3382 suis;
892 3308 926 3368 et
959 3304 1084 3390 profert
1107 3311 1230 3369 cartam
1263 3325 1336 3389 quae
1374 3305 1436 3369 hoc

386 3413 537 3476 testatur.

743 3609 821 3678 Otr.
847 3609 1070 3676 OOOXXXV.

568 3742 670 3806 Carta
695 3738 825 3804 Thornoe
849 3738 933 3804 Oret
956 3739 996 3804 de
1018 3739 1131 3804 eudem
1154 3745 1252 3805 terra.

223 3904 344 3955 crantor
433 3869 547 3934 Sciant
569 3871 747 3952 praesentes
774 3871 808 3930 et
838 3866 942 3931 futuri
968 3866 1054 3952 quod
1082 3889 1141 3952 ego
1172 3867 1312 3931 Thomas
1335 3867 1432 3946 Orth,

222 3972 372 4022 thelandto
387 3993 521 4038 assensu
545 3976 579 4034 et
601 3968 773 4034 voluntate
797 3971 908 4032 uxoris
931 3990 1021 4046 mese,
1045 3973 1079 4033 et
1101 3969 1258 4034 heredum
1278 3991 1431 4046 meorum,

224 4040 310 4089 Burei.
388 4075 472 4150 dedi,
496 4073 646 4147 concessi,
669 4076 703 4134 et
734 4069 796 4136 hac
830 4071 984 4155 praesenti
1018 4075 1109 4136 carta
1139 4093 1212 4136 mea
1242 4071 1431 4136 ecnfinnavi

387 4177 484 4242 Petro
508 4173 615 4254 Burei,
637 4195 696 4259 pro
718 4172 871 4258 homagio
886 4178 920 4236 et
941 4173 1079 4239 servicio
1102 4179 1289 4250 scutetum
1312 4179 1432 4238 terram

388 4301 494 4344 meam
517 4281 557 4343 de
581 4277 799 4362 Fouleswyke
823 4297 921 4360 quarn
944 4275 1112 4340 Johannes
1143 4277 1183 4340 de
1214 4275 1431 4362 Fouleswyke

388 4384 490 4447 libere
522 4382 562 4446 de
594 4403 646 4444 me
681 4380 797 4455 tenuit,
830 4384 864 4442 et
896 4399 995 4463 quam
1029 4378 1117 4443 idem
1150 4377 1319 4443 Johannes
1350 4379 1433 4442 mihi

388 4483 559 4549 vendidit:
581 4481 765 4546 habendam
789 4485 823 4545 et
845 4479 1020 4544 tenendam
1044 4479 1084 4544 de
1107 4501 1159 4544 me
1193 4485 1228 4544 et
1258 4479 1431 4546 heredibus

389 4589 469 4654 meis
492 4585 563 4663 sibi,
587 4591 621 4650 et
642 4584 817 4650 heredibus
840 4582 894 4647 vel
928 4583 1109 4668 assignatis,
1133 4582 1234 4648 libere
1256 4589 1291 4648 et
1314 4584 1432 4668 quiete,

222 4709 332 4764 assat.
387 4693 515 4776 integre
553 4694 588 4752 et
624 4687 778 4774 pacifice3
815 4685 980 4750 reddendo
1016 4687 1093 4749 inde
1128 4687 1300 4751 annuatim
1331 4687 1432 4752 michi

1136 4821 1201 4826 -—-—-
1219 4811 1430 4826 ...η-...ΗΝ

752 4885 760 4918 ¹
777 4883 801 4936 τ’
812 4899 869 4936 eum
881 4885 985 4946 tenent,
996 4884 1023 4934 in
1034 4884 1090 4936 MS.
