3526 5810
445 867 509 930 234
696 885 895 936 samareum
919 885 1240 937 manumeuarnusr.

442 1075 485 1140 ad
517 1073 747 1162 pitanciariam
778 1075 962 1161 assignatis.
1009 1075 1053 1140 Et
1090 1096 1132 1140 ne
1162 1075 1227 1140 ista
1260 1080 1375 1142 nostra
1407 1075 1494 1141 ordi-

441 1177 542 1254 natio,
565 1177 709 1262 provisio
740 1181 775 1242 et
803 1177 982 1262 assignatio
1004 1175 1057 1243 'ab
1090 1177 1201 1262 aliquo
1234 1178 1338 1264 possit
1373 1178 1494 1264 impos-

442 1285 551 1344 terum
574 1277 698 1344 irritari
720 1277 775 1343 vel
797 1278 909 1363 aliquo
932 1279 1029 1344 modo
1060 1279 1231 1356 infirmari,
1254 1279 1361 1365 ipsam
1384 1279 1493 1366 sigillo

443 1384 555 1445 nostro
577 1384 612 1444 et
636 1373 744 1465 sigillo
767 1386 951 1446 conventus
973 1381 1079 1446 nostri
1109 1381 1267 1446 duximus
1298 1381 1493 1447 confirman-

443 1484 527 1560 dam,
562 1483 625 1548 sub
657 1482 869 1548 anathemate
898 1483 1039 1550 firmiter
1075 1483 1264 1550 inhibentes
1296 1507 1339 1549 ne
1372 1484 1492 1570 aliquis

442 1609 660 1652 successorum
676 1592 862 1652 nostrorum
884 1587 971 1654 hanc
984 1593 1131 1654 nostram
1147 1578 1396 1665 ordinationem,
1419 1611 1492 1675 pro-

442 1689 604 1755 visionem
626 1696 661 1755 et
682 1689 938 1776 assignationem
964 1690 1142 1779 inhingere
1158 1691 1212 1758 vel
1227 1691 1394 1758 infirmare
1408 1713 1492 1779 prae-

442 1795 559 1860 sumat.

647 2077 653 2090 ι
813 2001 894 2069 OAP.
920 2001 1111 2068 COOLVII.

273 2155 387 2208 f·²⁵0b·
621 2153 727 2221 carte
743 2154 840 2244 fecta
869 2153 1016 2240 prerto
1037 2151 1078 2220 de
1102 2151 1298 2220 Olicrlctone.

276 2313 405 2378 Grantby
488 2309 603 2376 Sciant
625 2311 804 2396 praesentes
826 2314 860 2374 et
885 2307 991 2372 futuri
1015 2306 1105 2392 quod
1130 2327 1190 2372 nos
1214 2305 1401 2372 willelmus
1427 2306 1492 2372 Dei

274 2381 412 2499 {lelssffl
441 2413 549 2500 gratia
578 2412 680 2478 abbas
707 2411 957 2489 Malmesbnrire,
978 2414 1013 2474 et
1038 2408 1185 2495 ejusdem
1213 2407 1275 2475 loci
1300 2413 1491 2488 conventus,

274 2511 405 2566 Onniton.
441 2514 599 2592 dedimus,
615 2513 840 2590 concessimus,
863 2516 898 2577 et
921 2510 984 2576 hac
998 2511 1154 2596 praesenti
1176 2515 1268 2585 carta
1287 2514 1402 2576 nostra
1416 2531 1491 2576 con-

440 2617 646 2682 firmavimus
664 2615 825 2701 Wyberto
848 2615 889 2679 de
911 2613 1116 2690 Cherletone
1129 2617 1196 2678 tres
1218 2634 1310 2680 acras
1333 2618 1367 2678 et
1390 2636 1490 2680 unam

438 2719 620 2806 perticham
635 2724 733 2784 terrae
759 2717 795 2781 in
818 2717 941 2802 campis
967 2716 1009 2780 de
1031 2715 1247 2781 Cherletone:
1268 2737 1341 2800 quae
1357 2716 1489 2801 quidem

438 2829 505 2886 tres
536 2841 621 2887 aerae
646 2817 908 2904 cum'prredicta
937 2816 1088 2902 perticha
1116 2822 1213 2882 terrui
1251 2817 1365 2904 jacent
1404 2819 1490 2884 inter

440 2929 563 2991 terram
589 2923 738 3009 Wyberti
770 2922 812 2988 de
846 2920 1042 2987 Oherletone
1077 2925 1112 2986 ct
1139 2925 1263 2986 terram
1293 2921 1435 2987 Galfrr'di
1457 2921 1489 2988 le

440 3028 514 3106 Pik,
536 3032 571 3092 et
585 3026 772 3092 extendunt
793 3046 828 3090 se
852 3045 950 3110 super
972 3028 1095 3088 terram
1122 3023 1216 3108 Elyae
1239 3023 1280 3088 de
1299 3023 1489 3089 Molendino

439 3153 553 3195 versus
575 3129 785 3204 occidentem,
811 3131 846 3192 et
875 3147 973 3212 super
1010 3131 1131 3190 terrem
1167 3125 1288 3212 Rogeri
1315 3126 1356 3192 de
1382 3126 1488 3192 Rade-

375 3225 378 3234 ’
438 3255 532 3318 weye
566 3253 680 3298 versus
722 3230 901 3296 orientem:
938 3227 1107 3294 habendas
1139 3233 1174 3294 et
1208 3229 1368 3294 tenendas
1406 3251 1487 3316 prse-

437 3338 543 3403 dictas
565 3341 633 3400 tres
658 3355 749 3400 acras
773 3354 848 3398 eum
875 3331 1033 3418 praedicta
1064 3329 1214 3416 perticha
1236 3336 1333 3396 terrae
1357 3335 1391 3396 et
1413 3331 1487 3398 aliis

439 3437 649 3524 pertinentiis
672 3437 750 3515 suis,
772 3433 931 3520 praedicto
965 3432 1127 3517 Wyberto
1161 3438 1196 3497 et
1221 3431 1398 3498 heredibus
1429 3455 1486 3499 seu

437 3543 612 3630 assignetis
628 3542 704 3618 suis,
728 3538 886 3604 danobis
909 3543 943 3602 et
966 3536 1203 3604 successoribus
1225 3537 1356 3615 nostris,
1379 3538 1486 3616 libere,

438 3647 559 3731 quiete,
582 3645 665 3710 bene
687 3648 721 3708 et
743 3642 779 3705 in
802 3662 889 3727 pace,
912 3640 1165 3726 imperpetuum.
1211 3638 1275 3704 Pro
1289 3639 1352 3705 hac
1374 3645 1485 3705 autem

437 3747 612 3812 donatione
643 3749 678 3810 et
715 3743 918 3810 concessione
956 3747 1069 3806 nostra
1098 3741 1276 3826 praedictus
1308 3743 1487 3827 Wybertus

435 3851 514 3916 fecit
536 3849 631 3914 nobis
654 3847 818 3932 quendam
849 3845 995 3930 quietam
1027 3843 1239 3909 clementiam
1273 3845 1313 3910 de
1346 3851 1486 3930 quatuor

436 3953 520 4018 acris
552 3956 648 4016 terrae
682 3949 719 4012 iu
751 3946 875 4031 campis
898 3945 939 4010 de
970 3943 1179 4022 Niwentone,
1212 3950 1248 4010 et
1269 3945 1311 4010 de
1342 3947 1485 4031 quadam

436 4075 617 4132 commune,
641 4073 740 4139 qnam
770 4049 927 4115 clamavit
948 4047 1069 4114 habere
1103 4049 1139 4112 in
1171 4049 1314 4134 quodem
1347 4049 1416 4116 solo
1450 4052 1486 4116 in

437 4158 641 4234 (therletone
676 4152 915 4218 Middelhurste
947 4151 1126 4228 nominato,
1164 4155 1199 4215 et
1229 4151 1265 4214 in
1299 4151 1373 4216 aliis
1407 4153 1486 4218 locis

436 4263 522 4351 sieut
544 4261 581 4324 in
603 4260 676 4345 ipsa
697 4255 811 4342 quiete
835 4253 1013 4319 clamantia
1035 4252 1165 4338 plenius
1197 4253 1394 4319 continetur.
1441 4255 1486 4318 Et

434 4386 494 4429 nos
526 4369 560 4428 et
594 4381 790 4426 successores
822 4356 925 4421 nostri
965 4356 1138 4442 praedictas
1176 4361 1242 4420 tres
1279 4377 1372 4421 acras
1410 4379 1484 4422 cnm

435 4466 593 4552 praedicta
615 4461 764 4550 perticha
786 4465 881 4524 terne
904 4464 939 4523 et
961 4459 1035 4522 eliis
1062 4458 1271 4544 pertinentiis
1303 4459 1379 4536 suis,
1403 4481 1486 4544 pne-

435 4567 705 4664 dictoWyberto
728 4569 762 4628 ct
792 4561 965 4628 heredibus
1000 4561 1054 4626 vel
1085 4560 1259 4648 assignatis
1281 4560 1350 4625 suis
1372 4565 1487 4628 contra

435 4696 547 4740 omnes
578 4669 733 4734 mortales
765 4667 1007 4751 imperpetuum
1040 4663 1329 4727 warantizabimus
1363 4669 1397 4728 et
1429 4663 1484 4730 de-

435 4776 614 4842 fendemus,
662 4771 706 4836 Et
739 4775 778 4834 ut
814 4767 886 4832 haec
924 4766 1059 4832 donatio
1097 4771 1131 4830 et
1169 4764 1334 4833 concessio
1371 4771 1485 4834 nostra
