3526 5810
463 862 527 926 306
714 877 912 926 nuorsrsuu
938 876 1265 930 urauassumausr.

803 1089 882 1155 Car.
907 1087 1172 1156 ocoexxllss.

480 1241 601 1323 Quieto
625 1241 815 1307 elaoeoolio
839 1241 988 1308 Rieordi
1010 1243 1152 1310 Pireoolr
1174 1243 1214 1308 de
1237 1242 1442 1310 Bmuthlorw
1465 1243 1506 1310 de

610 1343 744 1408 ‹liuttes
766 1345 859 1409 aeris
882 1352 979 1411 terere
1001 1352 1031 1410 et
1054 1344 1204 1432 quodam
1223 1345 1377 1432 pratello,

296 1497 435 1560 Quitelaim
510 1497 624 1562 Sciant
648 1501 824 1583 praesentes
848 1501 882 1561 et
912 1497 1018 1561 sut-uri
1050 1499 1138 1583 quod
1162 1520 1221 1585 ego
1245 1499 1407 1563 Rioardus
1429 1498 1521 1584 Pyn-

295 1563 419 1695 {iiissof
464 1601 539 1672 nok
556 1601 595 1664 de
620 1599 809 1664 Boruhtone
832 1600 970 1676 reddidi,
994 1601 1106 1665 remisi
1128 1606 1163 1665 et
1186 1603 1335 1686 quietum
1368 1600 1520 1678 clamavi,

295 1698 426 1814 ffilsffir
463 1725 522 1788 pro
546 1725 597 1766 me
620 1708 654 1766 et
685 1702 860 1766 heredibus
883 1708 917 1766 et
950 1704 1126 1788 assignatis
1154 1705 1234 1768 meis
1266 1705 1520 1789 imperpetuum,

462 1803 533 1868 Deo
568 1811 602 1868 et
633 1804 775 1868 ecolesiae
807 1804 896 1868 beati
934 1803 1102 1868 Aldhelmi
1137 1805 1177 1869 de
1214 1805 1453 1881 Malmesburia,
1487 1811 1522 1869 et

463 1907 596 1970 domino
620 1905 786 1970 Willelmo
809 1905 923 1970 abbati
946 1912 981 1970 et
1011 1907 1180 1971 monachis
1203 1907 1326 1971 ibidem
1350 1906 1421 1971 Deo
1452 1928 1519 1971 ser·

462 2009 638 2086 mentibus,
656 2012 764 2072 totum
782 2008 840 2092 jus
864 2015 898 2072 et
920 2007 1075 2074 olamium
1092 2009 1180 2093 quod
1202 2008 1314 2086 habui,
1331 2008 1384 2073 vel
1409 2009 1519 2094 aliquo

462 2109 559 2174 modo
581 2109 702 2174 habere
724 2110 828 2194 potui,
856 2111 891 2173 in
914 2110 1042 2175 duabus
1074 2112 1159 2176 aeris
1183 2117 1286 2189 terreo,
1311 2119 1346 2176 et
1377 2113 1517 2196 quodam

462 2211 600 2298 pratello
624 2216 658 2277 et
687 2211 897 2297 pertinentiis
928 2213 1003 2276 suis.
1052 2213 1198 2292 Quarum
1228 2235 1297 2277 una
1327 2235 1402 2278 arra
1429 2215 1519 2298 jacet

462 2315 550 2400 apud
574 2314 610 2379 lo
634 2315 791 2400 Impezete
818 2337 933 2380 versus
957 2315 1124 2390 Corstone,
1149 2322 1183 2380 et
1205 2316 1310 2381 altera
1332 2338 1407 2380 aera
1430 2317 1518 2401 apud

464 2417 696 2504 Kyngborewe
731 2419 817 2482 inter
849 2417 1013 2484 culturam
1048 2418 1178 2482 abbatis
1213 2419 1253 2482 de
1286 2419 1519 2483 Malmesburia

464 2523 498 2584 et
519 2524 641 2584 terram
666 2518 829 2584 Johannis
853 2519 883 2582 le
907 2517 1067 2583 Chareter
1100 2519 1140 2583 de
1164 2519 1363 2596 Boruhtone‚
1388 2519 1431 2583 ad
1464 2541 1517 2584 cu·

459 2621 515 2706 jus
539 2643 623 2687 eerae
646 2626 747 2708 eaput
766 2621 856 2706 jaret
886 2621 1081 2706 praedietum
1114 2621 1299 2706 pratellum.
1347 2622 1401 2686 Ita
1433 2623 1518 2707 quod

460 2746 521 2790 neo
544 2746 604 2810 ego
626 2745 687 2789 neo
709 2724 829 2809 aliquis
851 2722 1010 2788 heredum
1030 2724 1083 2788 vel
1106 2725 1347 2810 assignatorum
1362 2747 1517 2800 meorum,

462 2826 599 2912 aliquod
628 2825 685 2911 jus
716 2824 771 2891 vel
804 2825 960 2891 elamium
995 2826 1030 2889 in
1065 2827 1232 2910 praedietis
1270 2827 1399 2892 duabus
1436 2829 1516 2892 acris

461 2933 566 3005 terrae,
589 2950 647 2993 seu
671 2929 708 2992 in
737 2927 897 3013 praedicto
920 2926 1060 3013 pratello
1094 2927 1148 2992 vel
1181 2929 1216 2991 in
1251 2929 1418 3013 aliquibus
1451 2931 1516 2992 suis

460 3031 683 3116 pertinentiis,
699 3030 811 3114 aliquo
834 3034 981 3115 tempore
1003 3028 1099 3093 nobis
1115 3031 1244 3115 exigere
1267 3031 1321 3095 vel
1345 3032 1515 3096 vendioare

461 3134 622 3218 possimus
646 3133 899 3218 imperpetuum.
946 3131 990 3198 Et
1012 3132 1048 3195 in
1083 3133 1311 3197 testimonium
1346 3134 1447 3218 hujus
1468 3157 1515 3198 re-

461 3235 625 3300 missionis
648 3240 683 3300 et
705 3235 828 3320 quietae
851 3234 1036 3300 clamentiae
1066 3256 1157 3311 meae,
1174 3234 1242 3299 hoo
1266 3237 1425 3321 seriptum
1457 3237 1516 3299 eis-

462 3337 535 3401 dem
559 3336 672 3401 abbati
696 3341 730 3401 et
752 3336 931 3401 eonventui
954 3335 1023 3411 feei,
1049 3340 1084 3400 et
1113 3335 1196 3400 illud
1219 3335 1327 3421 sigillo
1358 3357 1431 3401 meo
1454 3337 1515 3423 sig-

460 3437 548 3501 navi.
595 3437 672 3500 Hiis
694 3435 843 3500 testibus.

826 3633 906 3699 Otr.
933 3633 1153 3700 CCCCXXV.

474 3775 594 3864 Quieto
618 3773 810 3840 clementio
833 3773 970 3838 Roberti
994 3773 1124 3839 Kaioel
1149 3773 1189 3838 cle
1211 3773 1364 3860 quadum
1387 3775 1517 3863 cleopa.

293 3912 432 3975 Quiulaim
507 3903 623 3967 Sciant
645 3905 824 3986 praesentes
847 3906 882 3965 et
912 3900 1019 3964 futuri
1042 3901 1131 3985 quod
1154 3922 1213 3986 ego
1237 3901 1401 3967 Robertus
1425 3904 1518 3989 Kay-

293 3979 448 4109 ffsslm
461 4005 516 4069 nel
539 4005 579 4068 de
603 4003 749 4069 Yattone
773 4002 885 4066 remisi
908 4007 943 4065 et
965 4001 1138 4086 quietum¹
1162 4001 1313 4076 clamavi,
1332 4025 1458 4090 prome
1481 4011 1517 4070 et

460 4106 645 4181 heredibus,
669 4105 803 4170 domino
827 4102 994 4169 Willelmo
1020 4102 1133 4168 abbati
1158 4103 1198 4168 de
1221 4103 1459 4170 Malmesburia
1481 4115 1517 4172 et

461 4209 607 4293 ejusdem
645 4207 707 4273 loei
738 4207 916 4271 conventui
948 4207 1200 4292 imperpetuum,
1238 4206 1329 4270 illam
1368 4209 1515 4274 chasiam

460 4331 560 4397 quam
582 4310 703 4374 habere
734 4310 890 4374 consuevi
913 4330 987 4373 eum
1018 4309 1139 4373 averiis
1162 4309 1244 4374 meis
1274 4309 1362 4384 inter
1394 4317 1516 4375 terram

460 4413 586 4478 domini
608 4411 771 4477 Johannis
795 4411 835 4476 de
859 4409 981 4475 Estone
1005 4415 1039 4476 et
1061 4418 1184 4476 terram
1207 4411 1372 4496 quondam
1396 4413 1515 4479 Alioiae

460 4516 494 4580 la
517 4515 675 4579 Paumere
691 4514 731 4578 de
750 4512 916 4578 Alintone.
965 4512 1019 4576 Ita
1036 4512 1124 4597 quod
1147 4532 1208 4578 neo
1226 4535 1286 4599 ego
1309 4535 1370 4579 neo
1392 4515 1515 4601 aliquis

292 4615 380 4666 f·27⁹·
460 4617 618 4682 heredum
655 4615 709 4680 vel
742 4615 983 4701 assignatorum
1021 4635 1167 4679 meorum
1202 4615 1338 4700 aliquod
1366 4618 1424 4702 jus
1459 4619 1513 4684 vel

800 4763 945 4830 ¹quiehem]
960 4763 1066 4829 quitum,
1075 4763 1102 4813 in
1114 4765 1171 4815 MS.
1198 4731 1217 4735 ῃ
