3524 5808
727 939 909 1002 arrnrnrr
932 952 969 1001 11.
1235 1021 1242 1034 Ι
1311 939 1377 1004 421

326 1155 394 1200 esee
418 1135 632 1215 commissam,
656 1142 691 1203 et
712 1138 756 1203 ab
787 1138 900 1204 eodem
929 1137 1031 1224 juxta
1056 1138 1144 1224 juris
1176 1137 1379 1226 exigentiam

325 1235 437 1316 levari,
461 1258 537 1303 oum
559 1238 690 1306 decreto
712 1239 850 1305 minime
881 1241 1030 1326 paruerit
1062 1240 1238 1319 antedicto,
1260 1262 1379 1327 propo·

325 1337 449 1404 siturus
464 1345 499 1405 et
515 1346 715 1419 ostensurus,
737 1341 886 1409 facturus
914 1347 949 1407 et
970 1341 1113 1408 ulterius
1127 1348 1318 1428 recepturus
1341 1343 1378 1408 in

324 1441 457 1526 negotio
480 1448 662 1509 memorato
685 1443 773 1529 quod
801 1443 939 1528 justitia
969 1443 1131 1510 suadebit.
1176 1441 1228 1508 De
1260 1443 1376 1510 diebus

325 1562 403 1609 vero
434 1544 631 1631 receptionis
667 1545 881 1633 praesentium
913 1567 952 1612 ao
982 1545 1150 1613 citationis
1181 1550 1301 1612 vestrae
1338 1546 1376 1611 in

323 1641 385 1711 hae
417 1651 513 1731 parte
547 1647 644 1714 modo
667 1653 702 1714 et
724 1647 838 1727 forma,
869 1654 904 1714 et
933 1669 977 1713 an
999 1647 1178 1734 praefatum
1202 1648 1374 1714 dominum

324 1744 483 1813 Thomam
507 1749 724 1834 personaliter
755 1749 961 1828 inveneritis,
986 1749 1115 1828 dietum
1146 1749 1371 1817 venerabilem
1382 1760 1402 1814 r.
1415 1765 1458 1816 ar.

323 1851 460 1932 patrem,
494 1870 563 1928 nos,
595 1854 656 1918 aut
689 1850 793 1916 alium
835 1851 939 1937 ipsius
973 1851 1079 1938 patris
1111 1851 1147 1916 in
1181 1849 1244 1918 hae
1277 1855 1372 1936 parte

323 1949 593 2028 commissarium,
624 1951 724 2018 dietis
746 1950 800 2017 die
832 1956 867 2017 et
898 1950 970 2019 loeo
1002 1951 1160 2019 distinete
1194 1958 1230 2017 et
1260 1956 1375 2039 aperte

321 2052 510 2121 certificetis
542 2075 600 2140 per
634 2054 748 2121 literas
771 2060 900 2122 vestras
924 2060 1090 2142 patentes,
1114 2055 1233 2122 harum
1255 2055 1373 2121 seriem

321 2155 538 2233 continentes,
561 2155 670 2244 sigilio
700 2155 798 2224 offiaii
832 2157 938 2223 vestri
973 2157 1192 2244 consignatas.
1237 2155 1373 2238 ,Datum

321 2255 526 2335 Sarisburiae,
549 2259 612 2324 sub
649 2257 758 2344 sigilio
795 2263 952 2325 consueto
990 2279 1056 2344 quo
1088 2259 1225 2337 utimur,
1256 2257 1292 2345 ij.
1327 2258 1371 2323 id.

320 2355 519 2437 Decembris,
556 2379 644 2425 anno
682 2359 818 2425 Domini
855 2358 1031 2426 millesimo
1054 2370 1149 2427 eoem.
1182 2359 1284 2445 xlvje.
1318 2360 1373 2427 vel

319 2459 411 2538 alias,
434 2461 562 2546 quinto.

363 2627 464 2692 Anno
510 2625 648 2693 Domini
691 2621 866 2692 millesimo
904 2626 1129 2694 trioentesimo
1168 2627 1472 2715 sexagesimoasas.

319 2735 447 2816 quarto,
470 2735 505 2796 et
527 2731 621 2816 regni
643 2730 731 2816 regis
754 2729 911 2795 Edwardi
941 2731 1036 2798 tercii
1069 2730 1235 2798 tricesimo
1267 2739 1371 2812 sexto,
1383 2737 1459 2790 Μ
1469 2755 1531 2794 eon-

318 2832 407 2898 faeta
428 2831 494 2896 fuit
515 2831 625 2897 finalis
648 2831 822 2898 eoncordia
844 2836 991 2918 tempore
1007 2831 1147 2899 Walteri
1169 2833 1211 2898 de
1234 2808 1517 2925 Oarnme⁰,‡’,{{„¹'⁶u',e

318 2933 457 3010 abbatis,
481 2934 523 2999 de
545 2934 690 3019 quadam
712 2933 773 3000 lite
805 2935 897 2998 mota
919 2933 1008 3000 inter
1039 2933 1211 3001 dominum
1245 2935 1520 3002 Rober·³bb0tmd

317 3041 391 3100 tum
414 3034 694 3101 sarisburiensem
717 3036 907 3121 episcopum
930 3040 965 3101 et
991 3036 1147 3103 abbatem
1172 3040 1206 3102 et
1228 3004 1521 3138 eonven-{3¹¹,ifflbss'uss'yf

319 3143 392 3202 tum
423 3136 674 3214 Malmesburiae,
704 3159 764 3224 pro
798 3136 975 3204 caritativo
1008 3137 1164 3214 subsidia,
1198 3138 1369 3206 ordinibus
1381 3139 1535 3223 ⁰⁰³⁰ffl¹i¹13
1556 3173 1564 3219 g

317 3237 552 3305 monachorum
574 3247 609 3303 et
631 3238 899 3324 appropriatione
921 3237 1139 3318 ecelesiarum.
1200 3238 1255 3306 Ita
1276 3203 1529 3322 Vide-ffdffins

316 3339 403 3418 lieet,
425 3341 513 3426 quod
540 3345 704 3426 quantum
738 3339 781 3406 ad
813 3339 1025 3407 caritativum
1061 3339 1255 3418 subsidium,
1278 3334 1532 3428 quodthssppra·

316 3441 401 3508 illud
421 3443 593 3528 negotium
617 3443 775 3508 dormiret
797 3463 857 3527 pro
880 3445 1040 3528 perpetuo
1063 3443 1133 3506 sine
1155 3441 1268 3526 aliqua
1289 3403 1527 3520 comppamtpppoeof

316 3543 511 3612 tinuatione.
557 3544 643 3610 Item
667 3549 830 3630 quantum
852 3545 896 3609 ad
926 3541 1065 3620 ordines,
1092 3543 1179 3628 quod
1213 3544 1366 3611 monaehi
1381 3536 1453 3584 ¹³⁶⁴·

316 3646 511 3712 ordinentur
533 3645 722 3731 ubieunque
744 3645 921 3723 voluerint,
944 3645 1031 3710 siout
1062 3665 1189 3730 semper
1222 3645 1367 3712 ordinari

317 3747 474 3816 solebant.
520 3747 614 3824 Item,
638 3751 802 3832 quantum
824 3748 868 3812 ad
894 3744 1196 3832 appropriationem
1218 3741 1367 3814 ecelesia·

316 3871 400 3928 rum,
422 3848 575 3915 dominus
599 3849 769 3937 episeopus
800 3849 960 3915 eonoessit
982 3847 1096 3914 abbati
1130 3869 1232 3914 unam
1254 3849 1368 3915 dimis-

317 3953 441 4018 sionem
464 3950 596 4036 qualem
621 3950 724 4015 abbas
746 3971 822 4016 oum
845 3949 982 4016 oonsilio
997 3971 1056 4014 suo
1071 3949 1189 4015 melius
1211 3950 1369 4017 eonfiaere

316 4058 350 4119 et
394 4053 546 4119 ordinare
588 4051 779 4118 decreverit
821 4051 912 4138 ‚Pro
946 4071 1013 4137 qua
1045 4050 1236 4117 dimissione
1267 4052 1369 4119 abbas

315 4156 409 4222 dedit
431 4155 564 4222 domino
586 4154 737 4240 episeopo
760 4175 817 4218 xx.
827 4152 876 4232 li,
892 4157 926 4218 et
948 4153 1107 4241 magistro
1130 4153 1270 4221 Rioardo
1285 4154 1369 4242 Wy-

315 4256 448 4324 oheford
470 4277 531 4342 pro
553 4255 644 4322 diota
667 4254 859 4320 dimissione
892 4254 1046 4320 facienda
1079 4258 1114 4319 et
1145 4255 1366 4322 instrumento

315 4380 414 4444 super
435 4356 524 4425 diota
539 4355 735 4422 dimissione
759 4355 962 4422 conficienda
983 4356 1028 4420 xl.
1051 4378 1074 4421 a.

358 4546 429 4611 Iter
451 4546 492 4611 de
515 4544 660 4610 Parisios
682 4565 786 4628 usque
809 4543 852 4609 ad
874 4542 1105 4610 Pontiniaoum
1128 4547 1163 4609 et
1184 4548 1299 4630 postea
1319 4545 1453 4610 adesa
1466 4556 1490 4607 t.

312 4649 516 4726 Cluniaoum,
537 4646 658 4713 deinde
679 4647 722 4712 ad
745 4645 916 4712 Viennam.
1373 4645 1512 4727 lansmy·

356 4749 408 4814 De
431 4748 576 4813 Parisios
598 4747 769 4832 usquead
792 4746 919 4832 Mylun,
936 4746 1026 4811 dieta
1040 4767 1116 4811 una
1161 4745 1289 4812 Deinde
1304 4711 1526 4835 ρθτῗῧῑξζῗ

312 4852 424 4918 Muret
445 4871 549 4936 usque
572 4849 615 4917 ad
637 4849 755 4916 Pound
778 4869 834 4914 sur
856 4847 944 4926 Ynn,
967 4847 1111 4918 secunda
1142 4848 1240 4918 dieta
1285 4849 1362 4917 Poa-
