3566 5820
568 957 768 1009 sacrarium
790 957 1116 1008 unruassuaransa
1305 937 1367 1002 151

310 1146 490 1223 mesburiae,
507 1152 542 1210 et
557 1145 704 1230 ejusdem
728 1146 789 1212 loci
805 1133 996 1222 conventus,
1012 1143 1153 1210 salutem
1176 1143 1212 1208 iu
1228 1141 1370 1208 Domino
1384 1155 1454 1207 them
1468 1171 1507 1207 er-

1314 1245 1321 1259 ·
1361 1245 1367 1259 ·
1384 1222 1540 1288 chantguild

310 1249 553 1335 sempiternam.
612 1248 756 1313 Noverit
778 1247 979 1314 universitas
1003 1251 1116 1314 vestra
1137 1267 1198 1314 nos
1220 1267 1371 1312 unammr
1384 1288 1542 1340 oruamen-

310 1371 468 1415 consensu
491 1350 663 1427 remisisse,
686 1355 722 1414 et
743 1372 803 1436 pro
818 1350 914 1415 nobis
937 1355 972 1415 ct
987 1349 1225 1417 successoribus
1241 1349 1460 1425 nostrissay.

310 1457 344 1516 et
366 1451 467 1517 etiam
490 1451 643 1516 omnibus
666 1450 855 1517 hominibus
877 1452 999 1516 nostris
1022 1451 1264 1538 imperpetuum
1281 1451 1372 1536 quie·

311 1558 382 1617 tum
405 1553 569 1631 clamasse,
594 1553 812 1640 burgensibus
828 1553 886 1639 qui
902 1561 981 1618 sunt
1003 1554 1045 1618 de
1068 1553 1158 1640 gilda
1181 1552 1374 1619 mercatoria

312 1655 561 1732 blalmesburiae,
578 1660 612 1721 et
635 1656 787 1720 omnibus
803 1655 978 1722 heredibus
1001 1661 1035 1720 et
1057 1656 1233 1742 assignatis
1256 1677 1373 1722 eorun-

311 1756 394 1834 dem,
417 1761 525 1822 totum
544 1758 601 1843 jus
624 1763 659 1823 et
681 1757 837 1823 olamiunr
852 1764 886 1823 et
902 1780 1117 1836 communam‚
1134 1780 1233 1844 quam
1256 1757 1373 1823 habui-

310 1849 383 1924 mus
408 1860 460 1924 vel
483 1859 594 1945 aliquo
618 1861 714 1926 modo
738 1859 858 1926 habere
881 1861 1058 1948 potuimus
1075 1861 1109 1924 in
1133 1861 1229 1926 terris
1256 1883 1372 1926 eorun-

311 1961 406 2040 dem;
437 1962 599 2040 videlicet,
625 1961 847 2040 Kokeshethe‚
871 1963 1089 2040 Brodeorolte,
1113 1969 1147 2028 et
1181 1964 1216 2026 in
1247 1969 1372 2028 assarta

307 2061 437 2146 jacente
467 2062 555 2130 inter
588 2063 763 2149 praedictas
797 2064 955 2142 culturas,
989 2065 1024 2128 in
1047 2069 1172 2130 essarto
1205 2065 1291 2128 lacto
1314 2086 1372 2149 per

312 2165 441 2230 eosdem
464 2165 642 2251 burgenses
676 2166 712 2230 in
746 2167 889 2251 quadam
921 2166 1088 2252 particula
1120 2166 1209 2230 illius
1244 2165 1370 2231 bruerae

310 2287 384 2352 quse
407 2272 545 2334 vocatur
568 2267 802 2350 Barndebebe:
837 2268 887 2332 ita
921 2267 1010 2352 quod
1045 2289 1112 2333 non
1146 2268 1245 2334 liceat
1276 2267 1371 2334 nobis

310 2390 370 2434 nec
393 2370 632 2436 successoribus
654 2370 784 2447 nostris,
809 2391 869 2435 nec
903 2370 1004 2436 etiam
1028 2369 1194 2456 aliquibus
1228 2369 1370 2435 homini-

311 2471 373 2537 bus
396 2473 524 2548 nostris,
547 2493 764 2548 communem,
787 2471 984 2548 libertatem,
1003 2473 1277 2557 jurisdictionem,
1293 2472 1370 2537 cha-

312 2595 401 2640 ceam
424 2574 478 2639 vel
500 2573 698 2652 cheminum,
721 2575 791 2639 sive
824 2574 957 2660 aliquod
986 2574 1043 2658 jus
1077 2574 1164 2639 infra
1195 2574 1370 2660 praedictas

311 2682 415 2742 terres
438 2697 513 2742 cum
537 2677 746 2762 pertinentiis
769 2677 846 2752 suis,
869 2677 980 2762 aliquo
1004 2682 1150 2762 tempore
1173 2675 1293 2742 habere
1316 2676 1369 2740 vel

313 2778 509 2858 vendicare;
547 2777 648 2842 salvis
681 2784 813 2844 tantum
848 2779 1044 2844 sacristariae
1083 2778 1226 2844 ecclesiae
1249 2783 1370 2842 nostrae

312 2882 446 2948 decimis
483 2881 650 2945 fructuum
686 2881 725 2945 de
758 2881 925 2966 praedictis
963 2880 1061 2946 terris
1094 2881 1369 2966 provenientium.

313 2983 413 3049 Salvo
435 2983 535 3048 etiam
558 2983 653 3048 nobis
677 2988 711 3047 et
733 2981 971 3048 successoribus
1003 2981 1124 3047 nostris
1156 2968 1370 3068 ingressuml

311 3085 493 3171 reparanda
515 3085 638 3150 fossata
659 3090 779 3166 nostra,
803 3106 876 3169 quae
899 3084 1075 3150 includunt
1089 3086 1273 3170 porcionem
1295 3106 1370 3150 nos-

311 3194 398 3253 uam
421 3207 520 3272 quam
543 3185 638 3251 nobis
661 3187 742 3252 dicti
765 3187 942 3272 burgenses
972 3187 1016 3252 ad
1038 3186 1271 3252 includendam
1294 3208 1369 3253 con·

311 3295 485 3365 cesserunt,
507 3310 583 3354 cum
605 3311 734 3354 necesse
757 3289 864 3354 fuerit.
1382 3293 1400 3343 f.
1413 3296 1471 3343 2¹⁹·

360 3392 517 3456 Volumus
534 3391 635 3457 etiam
659 3392 720 3476 [et]
745 3391 953 3458 concedimus
969 3389 1135 3476 praeieris
1152 3391 1368 3478 burgensibus

314 3501 348 3560 et
370 3494 522 3562 omnibus
545 3493 720 3559 heredibus
744 3494 798 3558 vel
827 3495 1002 3581 assignatis
1025 3495 1102 3572 suis,
1125 3515 1185 3580 pro
1216 3495 1312 3559 nobis
1335 3499 1369 3560 et

312 3597 550 3664 successoribus
573 3596 702 3674 nostris,
726 3602 761 3661 et
784 3597 885 3662 etiam
908 3597 1059 3662 omnibus
1082 3596 1270 3662 hominibus
1292 3618 1369 3662 nos·

314 3701 384 3776 tris,
406 3701 464 3784 qui
488 3699 618 3764 servilis
641 3703 721 3764 sunt
743 3698 950 3777 conditionis
974 3699 1062 3784 quod
1097 3721 1208 3764 omnes
1232 3699 1368 3784 paedic-

314 3809 366 3866 tss
388 3803 492 3868 terras
525 3823 601 3888 suas
635 3823 710 3866 cum
742 3800 961 3886 pertinentiis,
995 3823 1070 3867 oum
1093 3801 1172 3866 viva
1203 3800 1292 3886 haya
1313 3800 1367 3866 vel

314 3905 444 3972 fossatis
466 3904 677 3970 latitudinem
702 3910 826 3990 septem
850 3905 972 3989 pedum
995 3904 1240 3970 continentibus
1263 3903 1368 3968 inclu-

315 4009 405 4085 dant,
430 4013 464 4072 et
490 4006 632 4072 inclusas
656 4007 829 4083 retineant,
853 4013 888 4071 et
910 4006 951 4072 de
967 4006 1088 4072 eisdem
1112 4027 1172 4092 pro
1195 4007 1368 4072 voluntate

316 4132 376 4175 sua
397 4109 467 4175 sine
491 4109 667 4175 vexatione
690 4110 744 4173 vel
767 4109 998 4175 reclamatione
1021 4113 1141 4186 nostra,
1165 4108 1218 4172 vel
1241 4108 1368 4192 aliquo·

315 4233 388 4275 rum
411 4215 598 4277 nostrorum
631 4210 937 4288 successorum,ch
969 4210 1140 4276 hominum
1173 4215 1368 4285 nostrorum,

315 4319 414 4400 prout
436 4313 552 4380 melius
576 4313 639 4377 sibi
662 4313 808 4378 viderint
842 4311 1003 4398 expedire,
1028 4313 1117 4377 omni
1140 4312 1237 4377 modo
1260 4311 1368 4398 dispo-

314 4423 407 4482 nant.
454 4417 539 4482 Cum
562 4421 673 4480 autem
689 4415 770 4480 dicti
786 4415 962 4500 burgenses
977 4414 1151 4500 praedictas
1166 4421 1270 4481 terras
1285 4437 1369 4494 suas,

315 4517 446 4594 scilicet,
470 4517 674 4604 Kokeshepe,
697 4516 914 4592 Brodecrofte
937 4521 971 4581 et
993 4521 1156 4582 assartum
1178 4517 1266 4584 inter
1287 4539 1368 4604 prae·

316 4621 420 4687 dictas
443 4621 588 4686 culturas
612 4619 853 4686 rationabiliter
874 4617 1273 4698 includerint,¹etave1·ia
1295 4627 1368 4685 nos-

315 4781 523 4792 --·-----.
531 4779 1083 4790 mma-...-

757 4869 765 4904 ¹
785 4869 826 4921 Sic
838 4867 864 4919 in
876 4869 932 4920 Ms.
