3578 5808
434 865 497 928 106
685 871 885 926 ramessen
908 871 1233 926 nmnnsamnnsa

431 1075 620 1141 Galfridum
641 1076 684 1142 ad
708 1078 992 1143 warantizandum
1015 1082 1175 1162 tanquam
1199 1076 1368 1163 assignata
1401 1096 1485 1161 prae-

429 1178 513 1244 dioti
535 1179 708 1255 Johannis,
742 1201 800 1265 par
832 1180 975 1265 priorem
1008 1185 1143 1257 cartam,
1179 1201 1237 1265 per
1268 1199 1369 1263 quam
1401 1198 1484 1263 pree-

431 1282 540 1347 dictus
574 1282 744 1358 Johannes
782 1283 876 1348 dedit
914 1282 979 1368 ipsi
1012 1281 1188 1348 Cristianse
1228 1281 1405 1346 tenendam
1441 1280 1484 1346 ad

430 1384 535 1448 vitam
566 1384 671 1470 ipsius
695 1383 871 1449 Oristianae
895 1388 1036 1462 tantum,
1060 1405 1104 1450 an
1134 1388 1295 1470 tanquam
1318 1382 1485 1469 assignata

429 1486 574 1570 ejusdem
600 1486 763 1552 Johannis
786 1508 844 1573 per
866 1485 1005 1552 alteram
1027 1493 1161 1562 cartam,
1184 1506 1243 1571 per
1265 1505 1366 1571 quam
1396 1484 1484 1550 idem

429 1587 600 1655 Johennes
622 1590 762 1655 feefevit
796 1589 901 1676 ipsam
925 1589 966 1655 de
990 1591 1104 1656 eadem
1128 1595 1218 1655 terra
1251 1589 1397 1654 tenenda
1418 1588 1483 1652 sibi

429 1695 463 1756 et
498 1691 674 1758 heredibus
705 1692 759 1757 vel
794 1692 970 1778 assignatis
1001 1692 1070 1756 suis
1101 1692 1355 1778 imperpetuum,
1385 1695 1486 1775 prout
1556 1698 1561 1704 '

428 1799 522 1880 patet
543 1817 602 1881 per
624 1801 731 1860 cartas
754 1793 945 1880 praedictas:
973 1793 1065 1861 Dicit
1089 1794 1178 1880 quod
1210 1793 1343 1859 vocavit
1374 1793 1484 1878 ipsum

427 1896 470 1960 ad
493 1895 788 1972 warantizandum,
812 1901 971 1981 tanquam
994 1897 1165 1982 assignata
1187 1895 1291 1981 ipsius
1315 1893 1480 1960 Johannis

427 1999 468 2062 de
501 1998 699 2064 feofamento
735 1999 824 2084 quod
856 1998 945 2064 idem
977 1998 1148 2064 Johannes
1170 1997 1201 2063 ei
1232 1997 1365 2072 fecerat,
1393 2001 1481 2082 post

428 2123 528 2186 quam
567 2101 761 2188 praedictam
796 2107 917 2167 terram
951 2101 981 2167 ei
1017 2100 1188 2166 dimiserat
1221 2100 1264 2167 ad
1302 2099 1482 2166 terminum

427 2205 508 2270 vitae
531 2226 606 2271 suae.

473 2307 518 2371 Et
540 2307 709 2373 Galfiidus
732 2307 925 2393 dicitquod
954 2325 1021 2372 non
1045 2313 1179 2373 tenetur
1203 2301 1371 2393 praedictae
1394 2306 1482 2373 Cris-

426 2411 527 2475 tianae
565 2409 757 2495 predictam
795 2415 917 2474 terram
949 2409 1175 2486 warantizara
1208 2414 1367 2495 tanquam
1402 2407 1483 2474 dicti

426 2511 589 2576 Johannis
624 2511 806 2598 essignatae‚
833 2533 892 2597 per
923 2511 1115 2596 praedictam
1148 2515 1273 2576 cartem
1309 2511 1350 2575 de
1384 2509 1483 2576 saefe-

426 2617 545 2677 mento.
593 2611 686 2679 Dicit
719 2613 808 2678 enim
843 2613 931 2698 quod
963 2634 1078 2679 revera
1111 2612 1291 2699 praedictus
1313 2612 1482 2677 Johannes

425 2715 537 2800 aliquo
576 2721 722 2801 tempore
760 2715 888 2780 dimisit
926 2716 1044 2781 eidem.
1074 2714 1250 2780 Cristianae
1289 2713 1482 2800 praedictam

424 2823 546 2884 terram
570 2815 746 2884 tenendam
770 2822 843 2883 tota
865 2819 937 2883 vita
965 2819 1069 2905 ipsius
1096 2817 1280 2883 Oristianae.
1327 2817 1372 2881 Et
1394 2817 1481 2902 quod

424 2922 602 3007 praedictus
625 2917 809 2986 Willelmus
832 2921 873 2986 de
897 2919 1044 2998 Convile,
1068 2925 1272 3006 paterenus
1295 2925 1409 3007 postea
1438 2918 1482 2984 ed

424 3023 619 3108 petitionem
641 3022 744 3108 ipsius
766 3021 940 3088 Oristienae
964 3021 1173 3087 confirmavit
1195 3023 1225 3087 ei
1249 3021 1480 3097 dimissionem,

425 3146 523 3210 quam
556 3123 734 3211 praedictus
765 3122 935 3188 «Iohannes
970 3123 1000 3188 ei
1031 3124 1110 3190 fecit
1133 3124 1174 3189 de
1203 3123 1362 3210 praedicta
1393 3128 1481 3188 terra

424 3228 569 3293 tenenda
594 3227 637 3292 ad
669 3226 848 3291 terminum
871 3226 952 3290 vitea
975 3248 1051 3292 suae.
1098 3225 1197 3291 Unde
1224 3225 1306 3291 dicit
1332 3225 1421 3311 qued
1451 3225 1479 3289 si

424 3327 715 3414 ipsum1vooares
744 3328 788 3393 ad
822 3328 1109 3393 warantizandum
1142 3333 1301 3412 tanquam
1334 3327 1480 3413 assigna·

424 3429 481 3494 ta2
516 3431 621 3516 ipsius
647 3429 812 3496 «Iohannis
851 3430 894 3494 ad
931 3431 1111 3496 terminum
1150 3430 1231 3496 vitae
1263 3450 1340 3507 suae,
1380 3450 1480 3514 quam

423 3533 679 3620 assignationem
702 3534 818 3599 eadem
852 3531 1021 3599 Oristiana
1055 3533 1245 3618 procuravit
1268 3532 1332 3597 sibi
1363 3531 1479 3596 confir·

422 3637 515 3713 mari,
538 3635 679 3701 libenter
703 3635 734 3699 ei
753 3635 993 3700 warantiaaret.
1032 3634 1099 3700 Sed
1122 3633 1204 3700 bene
1219 3633 1369 3699 defendit
1391 3631 1480 3719 quod

422 3739 600 3823 praedictus
623 3737 792 3802 Johannes
822 3757 994 3823 nunquam
1024 3735 1166 3802 feofavit
1187 3735 1294 3823 ipsam
1323 3736 1364 3800 de
1395 3756 1478 3823 prae-

422 3841 512 3906 dieta
549 3845 645 3917 terra,
683 3845 718 3904 et
752 3838 944 3926 praedictam
978 3843 1105 3905 cartam
1140 3839 1171 3904 ai
1214 3835 1291 3903 inde
1325 3837 1406 3904 fecit
1438 3837 1478 3902 de

421 3941 618 4007 feofamento
641 3945 817 4028 postquam
847 3941 975 4005 dimisit
998 3941 1028 4004 ei
1059 3939 1196 4005 eandem
1220 3945 1341 4005 terram
1365 3943 1479 4004 tenen-

422 4044 498 4108 dam
522 4044 565 4109 ad
587 4043 767 4109 terminum
792 4042 873 4108 vitae
908 4063 984 4107 suae.
1033 4041 1078 4105 Et
1109 4040 1198 4126 quod
1230 4041 1279 4105 ita
1305 4040 1349 4105 sit
1381 4038 1477 4126 ponit

421 4169 455 4212 sa
474 4169 571 4233 super
594 4145 745 4232 patriani,
764 4149 797 4209 et
821 4167 920 4230 super
935 4149 1035 4208 testes
1058 4144 1246 4208 nominatos
1261 4143 1298 4206 in
1320 4142 1480 4228 praedicta

421 4253 519 4316 carta.
565 4250 610 4313 Et
633 4245 804 4312 Galfridus
826 4245 985 4310 similiter.

466 4351 546 4416 Ideo
578 4353 778 4437 praeeeptum
814 4353 864 4413 est
894 4347 1079 4414 vicecomiti
1110 4347 1199 4433 quod
1229 4345 1343 4411 venire
1378 4344 1478 4411 faciat

337 4543 340 4550 Ι
420 4454 483 4531 hio,
506 4476 527 4518 a
559 4453 611 4518 die
645 4452 760 4518 Sancti
795 4449 942 4537 HyHarii
974 4451 1010 4514 in
1042 4471 1096 4514 xv.
1130 4449 1209 4526 dies,
1244 4447 1412 4534 Rogerum
1436 4447 1477 4511 de

628 4616 644 4623 ο
672 4617 708 4622 --.
733 4613 951 4623 ——00-—4—2.-
961 4613 1008 4620 ...ω
1053 4613 1125 4619 -.....
1139 4613 1168 4618 ---
1183 4611 1265 4618 .-..--

454 4702 607 4770 lapsania
618 4702 675 4755 ΜΒ.
947 4697 952 4768 Ι
999 4699 1187 4764 memmium,
1199 4695 1226 4747 in
1237 4697 1295 4749 MS.
1398 4713 1399 4716 ’
