3566 5820
512 881 712 933 anorsrsuu
736 881 1059 934 mnnnssumassn.
1246 865 1310 934 113

258 1068 418 1146 habenda,
441 1069 540 1135 dictis
561 1070 677 1136 abbati
698 1075 734 1136 et
755 1069 934 1136 conventui
956 1076 991 1137 et
1014 1091 1126 1134 eorum
1148 1089 1310 1134 suecesso-

258 1171 357 1249 ribus,
381 1173 468 1238 siout
490 1177 589 1238 cartre
625 1171 776 1258 praedicti
799 1172 957 1238 Willelmi
989 1171 1101 1237 fratris
1133 1173 1198 1236 mei
1230 1193 1310 1257 pree-

259 1274 356 1339 diotis
378 1274 492 1340 abbati
515 1277 550 1340 et
572 1275 750 1341 conventui
773 1274 878 1352 faotae,
895 1275 1025 1361 plenius
1047 1278 1083 1338 et
1104 1271 1221 1338 melius
1245 1277 1310 1338 tes-

258 1379 390 1440 tantur:
413 1375 463 1442 ita
497 1377 585 1461 quod
619 1396 679 1442 neo
719 1398 780 1462 ego
814 1397 876 1442 neo
909 1375 1030 1461 aliquis
1065 1374 1223 1440 heredum
1256 1372 1309 1438 vel

259 1477 499 1564 assignatorum
522 1499 669 1544 meorum
691 1478 819 1565 aliquid
838 1478 925 1564 juris
940 1478 994 1543 vel
1011 1477 1121 1544 olamii
1136 1476 1171 1540 in
1194 1475 1308 1540 eodem

259 1579 441 1646 ministerio
463 1601 539 1646 cum
561 1581 770 1666 pertinentiis
793 1581 870 1658 suis,
894 1580 947 1645 vel
970 1581 1007 1645 in
1029 1579 1194 1664 praedictis
1218 1582 1309 1642 tene-

259 1683 387 1759 mentis,
409 1682 522 1768 aliquo
545 1687 691 1768 tempore
713 1683 808 1749 nobis
827 1671 1007 1749 ‘vendicare
1030 1682 1198 1767 possimus.
1246 1678 1309 1742 Pro

258 1782 320 1852 hac
352 1777 463 1850 autem
498 1784 689 1850 remissione
724 1789 758 1850 et
789 1785 903 1870 quieta
935 1784 1114 1850 alsmantia
1146 1781 1309 1847 dederunt

259 1886 342 1952 mihi
364 1886 541 1974 praedictus
563 1887 666 1952 abbas
689 1892 724 1952 et
745 1893 928 1954 conventus
955 1909 1056 1952 unam
1078 1905 1222 1950 maroam
1256 1904 1308 1948 ar-

258 1989 351 2075 genti
372 2010 440 2075 prae
463 1988 623 2056 manibus.
671 1989 714 2054 In
744 1989 839 2075 cujus
862 1987 1091 2055 testimonium
1113 1987 1175 2052 hoc
1207 1985 1307 2070 scrip-

258 2096 331 2156 tum
362 2091 484 2158 eisdem
519 2091 633 2158 abbati
656 2096 691 2156 et
713 2091 893 2158 conventui
923 2090 993 2169 feci,
1027 2095 1061 2155 et
1092 2086 1202 2174 sigillo
1236 2107 1308 2154 meo
1321 2097 1339 2148 l.
1352 2103 1409 2152 ros.

259 2193 396 2279 signavi.

513 2448 515 2452 ’
626 2430 705 2498 Car.
731 2429 943 2499 CCXLVIII.

312 2583 416 2650 Corte
448 2583 608 2652 Willetme'
632 2583 805 2652 Jooitorn's
828 2583 868 2652 de
894 2583 1019 2650 eisdem
1044 2582 1246 2652 tenementis.

304 2735 418 2804 Sciant
433 2743 611 2824 praesentes
627 2743 661 2804 et
676 2737 782 2803 iirturi
797 2737 885 2824 quod
901 2759 960 2824 ego
975 2736 1161 2804 Willelmus
1177 2738 1200 2803 J
1201 2737 1310 2806 enitor
1322 2749 1410 2802 Oscae

259 2837 299 2903 de
322 2839 563 2920 Malmesburia,
594 2861 654 2926 pro
677 2839 784 2906 salute
819 2840 938 2906 animae
966 2862 1047 2906 meae
1070 2847 1103 2905 et
1127 2833 1397 2907 enecasse-⁸²³¹*

257 2963 331 3006 rum
353 2947 388 3008 et
402 2963 622 3009 successorum
638 2963 793 3020 meorum,
810 2941 894 3018 dedi,
918 2943 1069 3019 concessi,
1085 2947 1120 3007 et
1142 2943 1204 3008 hac
1227 2964 1310 3028 prse-

257 3045 344 3110 eenti
375 3049 466 3110 carta
499 3065 574 3111 mea
605 3043 808 3122 confirmavi,
841 3044 912 3109 Deo
943 3049 977 3108 et
1015 3043 1159 3109 ecolesiae
1196 3044 1309 3111 Beatae

257 3146 372 3212 Mariae
396 3153 430 3212 et
468 3146 583 3213 Sancti
606 3146 776 3212 Aldhelmi
806 3145 956 3231 praesulis
991 3144 1242 3224 Malmesburiee,
1276 3153 1308 3212 et

255 3248 370 3314 abbati
392 3254 427 3314 et
448 3250 629 3315 conventui
651 3249 774 3314 ibidem
793 3247 865 3314 Deo
888 3247 1116 3325 servientibus,
1133 3248 1169 3312 in
1192 3269 1309 3334 puram

256 3355 292 3415 et
329 3355 522 3437 perpetuam
555 3351 776 3427 elemosinam,
806 3350 872 3415 duo
907 3355 1098 3415 tenementa
1120 3351 1156 3415 in
1188 3371 1309 3438 magna

255 3459 362 3518 strata
384 3453 474 3520 villae
497 3454 739 3520 Malmesburiae
762 3475 838 3521 cum
860 3453 1056 3540 curtillagiis
1090 3459 1125 3518 et
1156 3454 1309 3520 omnibus

254 3555 330 3620 aliis
353 3557 564 3642 pertinentiis
588 3556 675 3622 suis:
700 3555 759 3622 ille
782 3556 907 3622 scilicet
922 3577 1062 3641 quorum
1079 3577 1182 3621 unum
1205 3557 1309 3622 situm

255 3663 307 3723 est
329 3659 418 3724 inter
440 3659 646 3744 mesuagium
669 3657 831 3725 Johannis
854 3659 917 3723 filii
938 3659 1013 3736 mei,
1037 3680 1080 3724 ex
1105 3681 1174 3724 una
1204 3664 1307 3745 parte,

254 3764 290 3826 et
323 3761 530 3849 mesuagium
562 3761 725 3828 Johaunis
748 3761 778 3826 le
813 3760 955 3840 Tenum,
996 3783 1038 3826 ex
1070 3761 1174 3826 altera
1205 3765 1307 3848 parte.

252 3861 358 3929 Aliud
381 3885 461 3931 vero
483 3868 711 3930 tenementum
734 3864 836 3927 situm
868 3868 919 3929 est
940 3863 1029 3928 inter
1058 3862 1192 3928 domum
1225 3862 1307 3926 Wil-

250 3965 346 4032 lelmi
369 3965 464 4054 Pavy
487 3972 522 4032 et
537 3966 672 4032 domum
695 3965 862 4051 quondam
885 3965 979 4052 Elyae
1014 3964 1161 4044 Pistoris,
1185 3967 1220 4029 in
1241 3987 1307 4051 quo

249 4067 329 4134 duae
352 4069 452 4135 saldae
475 4068 538 4134 sub
560 4089 627 4133 uno
650 4067 792 4134 eulmine
808 4072 1063 4133 construuntur:
1094 4067 1251 4132 Tenenda
1273 4073 1308 4132 et

249 4169 409 4237 habende
431 4171 531 4238 dictis
553 4170 668 4237 abbati
691 4175 726 4235 et
755 4170 935 4236 conventui
966 4173 1001 4234 et
1035 4190 1148 4235 eorum
1180 4189 1306 4238 succes-

249 4273 392 4352 soribus,
415 4273 527 4352 libere,
557 4273 678 4359 quiete,
708 4273 845 4359 integre,
868 4271 1056 4350 honorifice,
1088 4273 1171 4338 bene
1204 4279 1239 4338 et
1270 4273 1307 4338 in

245 4397 352 4464 pace3
375 4377 544 4443 reddendo
566 4377 644 4442 inde
666 4377 841 4442 annuatim
872 4375 974 4462 priori
998 4381 1032 4442 et
1055 4377 1235 4443 conventui
1266 4377 1306 4444 de

245 4479 482 4546 Bradenestok
497 4477 619 4567 viginti
632 4479 781 4544 denarios
797 4479 840 4545 ad
855 4479 979 4545 festum
996 4478 1111 4545 Sancti
1126 4479 1308 4559 Michaelis,

243 4587 284 4649 et
310 4581 456 4649 sacristae
491 4581 533 4646 de
563 4580 806 4658 Malmesburia,
840 4581 897 4666 qui
927 4601 988 4668 pro
1017 4585 1166 4667 tempore
1196 4582 1306 4661 fuerit,

242 4683 426 4750 duodecim
449 4683 601 4750 denarios
631 4683 675 4749 ad
708 4683 830 4748 festum
862 4683 976 4750 Sancti
1000 4683 1177 4762 Aldhelmi,
1201 4691 1235 4750 et
1264 4684 1308 4750 ad
1380 4677 1384 4685 ’

238 4787 528 4938 susceptationem
551 4785 651 4852 unius
673 4785 837 4873 lampadis
863 4786 900 4852 in
923 4787 1060 4856 ecclesia
1082 4787 1179 4854 Beati
1211 4787 1306 4854 Pauli

379 4893 418 4939 00·
1148 4905 1175 4954 a
