3526 5810
447 849 510 916 296
698 867 897 917 nnorsrnuu
921 868 1245 920 umunssumnusn

445 1052 552 1118 dietas
575 1057 678 1120 terras
701 1054 847 1132 inventa,
862 1054 954 1121 nullo
977 1059 1125 1142 tempore
1149 1057 1275 1142 possint
1297 1057 1494 1144 imparkare,

444 1176 504 1220 nec
526 1154 655 1241 aliquas
677 1156 833 1222 emendas
864 1179 979 1242 capere
1002 1158 1056 1222 vel
1079 1159 1218 1244 exigere.
1264 1159 1337 1225 Nos
1359 1165 1495 1225 verost

444 1278 642 1324 successores
663 1258 769 1322 nostri
792 1279 905 1323 omnes
927 1260 1103 1345 praedictas
1125 1266 1230 1326 terras
1251 1283 1326 1327 eum
1342 1261 1495 1326 omnibus

442 1358 511 1422 auis
531 1360 749 1446 pertinentiis,
766 1359 932 1446 praedietis
953 1361 1066 1426 abbati
1089 1369 1123 1426 et
1137 1364 1314 1428 conventui
1334 1371 1495 1429 eteorum

443 1461 682 1525 suecessoribus
717 1467 830 1526 eontra
861 1484 974 1527 omnes
1008 1464 1162 1529 mortales
1194 1464 1493 1543 warantizabimus,

442 1561 703 1647 acquietabimus
726 1568 760 1627 et
783 1562 1003 1642 defendemus,
1025 1565 1117 1630 salvo
1140 1573 1251 1631 tamen
1273 1567 1391 1632 elamio
1414 1589 1495 1652 quo·

444 1664 601 1730 rumlibet
623 1665 763 1730 aliorum
793 1665 971 1730 liberorum
994 1687 1201 1732 communem
1231 1667 1426 1734 habentium
1456 1670 1494 1732 in

329 1761 330 1766 ’
444 1766 619 1831 clausturis
642 1767 816 1852 praedietis.
864 1768 908 1833 Et
931 1769 968 1832 in
991 1769 1218 1834 testimonium
1241 1768 1342 1855 hujus
1364 1791 1493 1836 eonces-

270 2809 326 2860 'l'he
339 2827 407 2862 same

268 2877 409 2944 exobange.

443 1869 544 1934 sionis
574 1875 705 1946 nostrae,
728 1869 791 1934 hoe
821 1870 979 1955 seriptum
1012 1871 1207 1956 bipertitum
1240 1871 1408 1936 internos
1442 1879 1494 1937 est

442 1971 635 2051 coniectum,
660 1977 695 2037 et
721 1971 836 2058 sigillis
868 1973 988 2037 nostris
1011 1973 1201 2038 alternatim
1234 1973 1386 2058 appensis
1420 1995 1494 2038 mu·

442 2073 560 2137 nitunr.
606 2071 683 2137 Hiis
707 2072 857 2138 testibus.

824 2312 904 2378 Car.
929 2310 1116 2378 COOGXV.

442 2454 547 2520 Curta
570 2451 707 2518 domitat
736 2450 896 2518 Willelmi
918 2450 1049 2518 moeris
1072 2459 1101 2517 et
1126 2459 1307 2518 conuentus
1331 2451 1406 2517 Mal
1478 2492 1490 2502 -

530 2555 646 2632 berta,
678 2554 775 2643 sueta
808 2553 977 2640 Stephano
1008 2553 1127 2639 priori
1161 2560 1190 2619 el
1228 2554 1409 2620 conventui
1448 2555 1489 2621 cle

529 2657 721 2744 Fumaleplue.

484 2799 657 2864 Universis
683 2797 808 2862 Christi
832 2796 985 2862 fidelibus
1012 2817 1155 2882 praesens
1178 2797 1337 2882 seriptum
1361 2798 1487 2882 inspec-

434 2902 531 2977 turis,
564 2900 752 2965 Willelmus
788 2899 852 2964 Dei
885 2898 994 2985 gratia
1027 2899 1130 2964 abbas
1168 2897 1419 2975 Malmesburiae‚
1451 2906 1485 2964 et

436 3002 583 3088 ejusdem
615 3000 677 3066 loei
700 3004 893 3076 conventus,
916 3001 1056 3065 salutem
1080 3006 1238 3066 aeternam
1268 3001 1305 3064 in
1328 3000 1480 3066 Domino.

436 3103 579 3169 Noverit
609 3102 810 3167 universitas
833 3106 945 3166 vestra
976 3123 1036 3166 nos
1070 3101 1263 3168 coneessisse
1297 3123 1356 3187 pro
1391 3101 1484 3167 nobis

436 3211 470 3270 et
504 3203 743 3270 suecessoribus
778 3203 910 3280 nostris,
941 3202 1075 3267 domino
1110 3202 1278 3289 Stephano
1312 3203 1413 3288 priori
1447 3203 1486 3268 de

436 3305 629 3392 Farnleghe‚
653 3310 687 3371 et
720 3303 865 3390 ejusdem
899 3302 960 3368 loei
992 3303 1179 3380 conventui,
1202 3303 1323 3389 viginti
1353 3309 1389 3368 et
1421 3309 1485 3370 tres

436 3429 660 3486 samsonem
693 3406 851 3493 perticam
884 3411 919 3471 et
948 3405 1120 3470 dimidiam
1151 3411 1247 3470 terrae
1280 3405 1416 3471 arabilis
1450 3407 1483 3472 in

435 3511 559 3597 campis
594 3510 634 3574 de
667 3509 860 3594 Alyntone3
892 3529 1032 3592 quarum
1066 3509 1141 3572 duae
1174 3528 1257 3573 aerae
1282 3513 1316 3572 et
1347 3508 1485 3573 dimidia

429 3613 545 3698 jacent
571 3633 670 3698 super
691 3611 845 3675 brueram
876 3610 913 3672 in
945 3615 1038 3694 parte
1070 3608 1208 3674 australi
1240 3609 1281 3673 de
1304 3609 1483 3694 Haywode

434 3715 510 3780 duee
533 3735 618 3779 aerae
651 3719 685 3778 et
716 3712 858 3777 dimidia
888 3733 986 3796 super
1009 3710 1289 3785 Schemeberewe,
1312 3717 1380 3774 tres
1402 3732 1484 3776 aerae

433 3839 532 3902 super
554 3812 892 3900 Fouleswykeshulle,
916 3833 984 3877 una
1009 3832 1085 3879 aera
1112 3813 1213 3898 juxte
1238 3817 1363 3896 septem
1394 3833 1484 3878 aeras

346 3969 352 3983 .
439 3919 672 4006 praedictorum
711 3915 829 4002 prioris
868 3921 902 3979 et
939 3919 1122 3980 conventus
1159 3934 1260 4000 prope
1298 3913 1334 3978 lo
1371 3913 1483 3993 Brola,

434 4042 501 4085 una
533 4040 609 4086 acra
645 4039 743 4104 super
774 4017 931 4081 Foxdone
961 4016 1064 4101 juxta
1094 4019 1214 4079 terram
1247 4014 1404 4080 Willelrni
1443 4018 1482 4082 de

442 4118 650 4208 Wytewelle,
672 4139 739 4184 una
763 4137 838 4184 acra
860 4117 948 4202 apud
973 4117 1008 4182 lo
1031 4115 1221 4182 Bluleetellze
1240 4115 1341 4201 juxta
1363 4122 1483 4182 terram

430 4223 593 4288 ‚Iohannis
618 4220 790 4306 Hardyng,
807 4241 875 4284 una
890 4239 966 4283 aera
989 4217 1112 4283 ibidem
1131 4219 1232 4303 juxta
1254 4225 1376 4283 terram
1400 4241 1481 4304 prae-

430 4326 593 4391 diotorum
624 4323 743 4408 prioris
771 4328 806 4386 et
836 4326 1026 4396 conventus,
1050 4341 1118 4385 una
1146 4341 1222 4386 aera
1252 4341 1351 4405 super
1374 4320 1484 4386 Laun-

429 4427 529 4507 done⁸
542 4425 644 4510 juxta
674 4431 795 4490 terram
819 4423 958 4488 Walteri
989 4423 1029 4487 de
1060 4421 1093 4486 la
1124 4419 1208 4499 Sale,
1231 4441 1298 4486 una
1320 4442 1396 4487 acra
1422 4423 1483 4486 ibi-

428 4531 502 4595 dem
530 4530 632 4615 juxta
664 4533 785 4591 terram
821 4525 977 4611 Symonis
1008 4523 1048 4588 de
1081 4522 1281 4600 Horkedale‚
1309 4544 1377 4588 una
1408 4545 1483 4591 aera

427 4632 550 4697 ibidem
570 4631 671 4717 juxta
693 4632 815 4692 terram
846 4625 999 4713 praedioti
1023 4624 1162 4691 Walteri
1187 4625 1227 4690 de
1251 4624 1284 4690 la
1306 4625 1391 4702 Sale,
1415 4647 1481 4692 una

425 4753 501 4800 aera
522 4731 611 4818 apud
638 4728 917 4796 Brokeneberewe
945 4727 1047 4811 juxta
1069 4732 1191 4794 terram
1214 4725 1298 4792 Adae
1320 4726 1362 4791 de
1386 4725 1472 4794 Fox-
