3566 5820
432 894 495 958 136
647 895 1232 990 'nuorsrauu'uaausssusrausn

475 1093 520 1158 Et
541 1097 581 1160 ut
603 1094 675 1160 haec
696 1091 833 1158 donatio
856 1097 891 1157 et
905 1092 1069 1158 concessio
1092 1111 1167 1156 mea
1189 1089 1289 1156 robur
1312 1087 1480 1176 perpetui-

430 1198 511 1264 tatis
533 1197 570 1280 in
592 1218 627 1260 se
649 1195 809 1281 optineat,
830 1194 918 1262 hano
940 1199 1065 1261 cartam
1088 1193 1187 1260 dictis
1210 1192 1324 1258 abbati
1348 1195 1383 1256 et
1405 1212 1481 1256 con-

432 1299 549 1365 ventui
572 1297 643 1375 feci,
665 1303 796 1374 etcum
818 1292 928 1383 sigillo
950 1317 1023 1362 meo
1046 1295 1184 1382 signavi.

835 1538 916 1604 Cur.
948 1522 1124 1605 OOLXIX.

459 1685 565 1756 Uerta
586 1683 734 1752 Renes
748 1683 827 1769 fita·
851 1682 982 1750 Thoona
1007 1682 1047 1748 dc
1068 1681 1201 1768 Magna
1225 1677 1418 1748 Scleorstoae
1441 1677 1484 1746 do

599 1791 753 1878 quadam
780 1797 872 1855 terro
893 1789 936 1855 a'n
960 1789 1079 1854 Perua
1102 1786 1303 1854 Schorstone.

480 1932 596 1998 Sciant
638 1937 816 2018 praesentes
862 1934 897 1994 et
945 1928 1050 1994 futuri
1085 1928 1174 2013 quod
1225 1949 1284 2013 ego
1323 1926 1482 1992 Ricardus

292 2013 309 2046 Π
337 2014 364 2046 ¹⁰
435 2035 523 2100 filius
546 2034 680 2100 Thomae
703 2035 744 2099 de
767 2034 890 2119 Magna
915 2033 1094 2107 Serestone,
1118 2029 1195 2095 dedi
1217 2034 1252 2094 et
1274 2030 1425 2106 concessi,
1449 2033 1483 2092 et

435 2136 497 2204 hac
530 2136 686 2222 praesenti
720 2141 812 2203 carta
845 2154 920 2200 mea
941 2131 1142 2209 confirmavi,
1165 2131 1237 2196 Deo
1272 2137 1306 2198 et
1341 2129 1483 2196 ecclesiae

435 2238 531 2302 Beati
553 2237 722 2302 Aldhelmi
743 2237 783 2301 de
807 2235 1050 2312 Malmesburia,
1067 2239 1101 2299 et
1123 2233 1236 2298 abbati
1260 2237 1295 2296 et
1317 2231 1483 2298 monachis

434 2339 557 2404 ibidem
580 2339 652 2404 Deo
675 2338 903 2416 servientibus,
927 2342 1033 2402 totam
1056 2341 1177 2402 terram
1201 2356 1300 2420 quam
1323 2333 1425 2398 habui
1448 2333 1484 2397 in

434 2443 516 2507 villa
554 2443 594 2506 de
629 2441 737 2506 Parva
780 2439 954 2506 Serestona
995 2438 1036 2504 de
1080 2437 1279 2503 feofamento
1315 2433 1483 2522 Radulphi

434 2545 556 2623 Baldri,
589 2565 664 2610 cum
696 2543 873 2630 mesuagio,
896 2541 1091 2627 curtillagm,
1115 2540 1228 2626 pratis,
1262 2538 1416 2625 paschuis
1451 2543 1484 2604 et

433 2647 585 2732 pasturis,
610 2652 644 2710 et
678 2645 830 2711 omnibus
853 2643 928 2709 aliis
960 2643 1171 2729 pertinentiis
1195 2641 1282 2706 suis:
1306 2640 1482 2706 tenendam

433 2754 467 2813 et
489 2748 676 2813 habendam
699 2753 805 2812 totam
828 2747 1021 2833 praedictam
1044 2750 1176 2824 terram,
1199 2765 1274 2810 oum
1305 2745 1484 2830 mesuagio,

432 2847 627 2936 curtillag10,
650 2855 685 2915 at
707 2849 859 2916 omnibus
883 2849 957 2914 aliis
979 2848 1189 2934 pertinentiis
1212 2848 1288 2925 suis,
1312 2848 1352 2911 de
1375 2869 1428 2912 me
1450 2852 1484 2912 et

433 2955 609 3021 heredibus
647 2956 739 3034 meis,
776 2955 945 3042 praedictis
983 2952 1099 3018 abbati
1139 2958 1173 3017 et
1210 2953 1401 3028 couventui,
1448 2957 1481 3016 et

434 3079 546 3122 eorum
578 3056 826 3134 suecessoribus,
849 3056 904 3122 vel
937 3056 1198 3140 quibuscumque
1222 3055 1308 3130 dare,
1331 3053 1482 3131 vendere,

432 3159 486 3224 vel
518 3159 684 3246 assignare
707 3158 881 3236 voluerint,
917 3157 1018 3222 libere
1051 3159 1085 3220 et
1119 3156 1239 3242 quiete,
1262 3157 1344 3222 bene
1380 3159 1413 3220 et
1448 3154 1483 3218 in

431 3283 519 3348 pace,
560 3263 825 3348 imperpetuum:
874 3259 1041 3324 reddendo
1072 3259 1150 3323 inde
1193 3257 1366 3324 annuatim
1401 3256 1484 3322 mihi

432 3368 466 3427 et
488 3362 665 3427 heredibus
699 3362 788 3439 meis,
812 3360 868 3425 vel
890 3359 1076 3446 assignatis,
1099 3380 1204 3424 unum
1238 3357 1410 3424 denarium
1440 3357 1483 3424 ad

432 3463 554 3530 festum
589 3463 705 3529 Sancti
737 3461 916 3540 Michaelis,
952 3483 1011 3549 pro
1044 3462 1135 3528 omni
1170 3461 1309 3528 servicio
1332 3460 1482 3542 seculari,

433 3565 604 3632 exactione
636 3564 690 3630 vel
724 3564 895 3642 demanda,
930 3564 1026 3630 sectis
1064 3563 1229 3630 curiarum
1263 3567 1298 3630 et
1331 3561 1484 3630 omnibus

432 3667 506 3732 aliis
529 3667 822 3734 consuetudinibus
846 3672 881 3732 et
903 3665 1083 3746 demendis
1106 3666 1199 3734 salvo
1220 3665 1324 3754 regali
1346 3665 1484 3732 servicio

319 3809 321 3816 ,
433 3777 595 3857 quantum
626 3771 772 3858 pertinet
793 3770 837 3835 ad
869 3773 999 3836 tantam
1031 3773 1155 3834 terram
1188 3769 1228 3834 do
1251 3767 1365 3836 eudem
1388 3769 1483 3838 feodo

432 3873 468 3938 in
500 3875 613 3940 eadem
647 3872 735 3940 villa
797 3871 842 3938 Et
874 3893 933 3960 ego
972 3871 1135 3940 Ricardus
1173 3874 1208 3938 et
1244 3869 1380 3938 heredes
1418 3871 1484 3938 mei

432 3980 537 4042 totam
569 3974 761 4062 praedictam
792 3978 916 4041 terram
957 3994 1032 4040 cum
1067 3972 1244 4060 mesuagio,
1288 3973 1484 4062 curtillagio,

431 4079 544 4164 pratis,
559 4077 712 4165 paschuis
735 4082 769 4143 et
784 4077 936 4164 pasturis,
952 4081 986 4142 et
1009 4076 1161 4142 omnibus
1176 4075 1250 4141 aliis
1273 4076 1485 4164 pertinentiis

431 4180 507 4260 suis,
531 4179 697 4267 praedictis
719 4177 833 4244 abbati
857 4183 891 4242 et
915 4178 1103 4257 conventui,
1127 4182 1297 4244 eteorum
1321 4199 1484 4246 successo·

431 4283 522 4347 ribus
546 4282 600 4348 vel
622 4280 806 4366 assignatis,
829 4286 943 4345 contra
966 4301 1079 4346 omnes
1110 4280 1265 4346 mortales
1288 4281 1484 4348 warantiza-

431 4386 549 4463 bimus,
596 4384 865 4470 acquietabimus,
905 4388 939 4448 et
978 4382 1193 4448 defendemus
1231 4384 1486 4470 imperpetuum.

432 4486 494 4552 Pro
527 4487 589 4552 hac
622 4491 734 4551 autem
772 4485 958 4562 donatione,
992 4486 1205 4562 concessione,
1240 4490 1275 4550 et
1312 4487 1485 4571 praesentis

431 4593 530 4655 cartae
553 4609 634 4656 meae
657 4589 912 4666 confirmatione,
936 4588 1099 4654 dederunt
1115 4587 1199 4652 mihi
1215 4589 1366 4673 praedicti
1382 4589 1485 4654 abbas

431 4698 465 4757 et
488 4697 668 4759 conventus
691 4692 813 4778 viginti
835 4711 960 4758 marcas
983 4691 1250 4778 sterlinguorum,
1266 4691 1309 4756 ad
1325 4711 1485 4778 magnum

430 4793 600 4882 negotium
623 4815 733 4860 meum
758 4793 1006 4879 expediendum.
