3566 5820
328 771 331 778 ’
453 793 514 856 146
702 804 898 856 nuorsrnuu
922 805 1245 857 uruunsnoarsssu.

449 993 531 1060 villa
553 993 594 1058 de
617 993 730 1058 eodem
765 991 870 1064 feodo.
916 992 987 1080 Ego
1008 992 1194 1059 Willelmus
1222 1001 1257 1059 et
1279 994 1414 1060 heredes
1438 995 1502 1058 mei

449 1101 554 1162 totam
588 1096 777 1182 praedictam
814 1102 934 1162 terram
962 1117 1037 1162 cum
1060 1098 1277 1182 pertinentiis,
1300 1118 1375 1164 cum
1399 1103 1502 1183 prato,

448 1191 594 1284 pastura,
617 1198 776 1274 domibus
800 1199 1003 1284 curtillagiis,
1025 1199 1148 1277 croftis,
1171 1205 1203 1264 et
1227 1221 1302 1265 cum
1329 1221 1502 1264 commune

449 1300 646 1384 ubicumque
669 1299 778 1376 fuerit,
802 1300 843 1364 ad
867 1301 978 1364 omnia
1002 1322 1123 1386 genera
1145 1301 1347 1378 animalium,
1371 1307 1502 1366 etcum

449 1402 600 1466 omnibus
632 1401 705 1466 aliis
739 1403 781 1467 ad
816 1403 1006 1488 praedictam
1033 1408 1154 1467 tanam
1177 1403 1287 1489 atiquo
1310 1403 1407 1469 modo
1429 1425 1502 1489 per-

448 1505 640 1582 tinentibus‚
664 1505 761 1570 dictis
794 1503 908 1569 abbati
941 1509 975 1568 et
1008 1506 1186 1571 conventui
1218 1509 1253 1570 et
1286 1527 1399 1570 eorum
1429 1527 1500 1570 suc-

448 1607 627 1670 cessoribus
658 1611 771 1671 contra
798 1628 909 1670 omnes
932 1607 1086 1673 mortales
1109 1603 1350 1694 imperpetuum
1374 1629 1500 1673 waran-

448 1709 645 1787 tizabimus;
667 1713 701 1773 et
732 1709 772 1772 dc
803 1709 899 1774 sectis
922 1709 1020 1774 curiae
1052 1715 1087 1774 et
1118 1710 1371 1788 hundredorum,
1395 1716 1430 1775 et
1460 1711 1500 1774 de

448 1811 601 1875 omnibus
632 1811 707 1876 aliis
738 1810 852 1896 geldis,
874 1812 1167 1878 consuetudinibus
1190 1818 1225 1880 et
1246 1813 1426 1890 domandis,
1448 1835 1500 1879 ac-

448 1913 668 1998 quietabimus
692 1917 726 1978 et
749 1912 969 1982 defendemus,

493 2016 537 2080 Et
559 2021 599 2080 ut
620 2015 691 2080 haec
713 2037 786 2080 mea
808 2016 943 2081 donatio
966 2022 1000 2080 et
1030 2018 1193 2084 concessio
1216 2019 1315 2082 robur
1337 2019 1502 2103 perpetui·

446 2118 527 2181 tatis
559 2117 753 2202 optineant‚¹
775 2116 862 2182 hanc
896 2123 1020 2184 cartam
1058 2119 1181 2184 eisdem
1216 2120 1287 2196 feci,
1323 2131 1357 2184 et
1390 2119 1498 2204 sigillo

447 2239 519 2286 meo
542 2219 679 2304 signavi.

797 2477 876 2543 CAP.
902 2476 1148 2544 CCLXXVIII.

447 2656 551 2720 Cordo
574 2652 746 2720 Jobounis
760 2654 837 2739 filo·
861 2655 957 2738 sryoe
981 2652 1144 2740 Ooilewep
1175 2652 1214 2718 do
1250 2660 1342 2718 ternu
1384 2651 1425 2720 W.
1457 2653 1497 2718 de

634 2756 795 2842 Ouilowoy
819 2763 849 2820 et
876 2754 1050 2821 Joboooia
1074 2755 1114 2819 dc
1141 2755 1304 2821 Gordian

490 2933 605 3000 Sciant
626 2936 804 3018 praesentes
828 2935 863 2996 ot
884 2930 1000 3006 futuri,
1018 2930 1106 3015 quod
1133 2951 1193 3014 ogo
1215 2929 1385 2995 Johannes
1407 2929 1494 2994 filius

444 3035 536 3119 Elyae
560 3036 601 3099 de
625 3033 804 3117 Oaillewey
826 3032 968 3096 concessi
996 3035 1030 3094 et
1052 3029 1252 3106 confirmavi,
1286 3051 1346 3115 pro
1377 3051 1429 3094 mc
1461 3037 1495 3094 et

442 3135 617 3200 heredibus
651 3135 732 3200 meis
768 3135 1019 3219 imperpetuum,
1054 3131 1125 3196 Deo
1157 3136 1191 3196 ot
1225 3131 1369 3197 ecclesia
1399 3131 1494 3196 Beati

442 3237 610 3301 Aldhelmi
633 3237 673 3300 de
697 3235 940 3312 Malmesburia‚
964 3240 999 3298 et
1022 3232 1188 3298 Willelmo
1211 3232 1325 3298 abbati
1358 3236 1392 3298 et
1425 3255 1493 3298 mo-

441 3339 554 3403 nacbis
577 3338 699 3402 ibidem
715 3337 786 3401 Deo
801 3337 1030 3414 servientibus,
1051 3340 1157 3400 totam
1179 3341 1311 3414 terram,
1333 3357 1409 3400 cum
1424 3357 1492 3400 om-

440 3439 538 3504 nibus
561 3439 771 3524 pertinentiis
793 3439 870 3516 suis,
894 3459 994 3522 quam
1016 3436 1143 3503 habent
1164 3438 1205 3502 de
1221 3436 1308 3502 dono
1334 3435 1492 3501 Willelrni

440 3543 481 3606 de
506 3541 684 3626 Caillewey
706 3547 741 3606 et
775 3538 938 3607 Johannis
961 3539 1002 3603 de
1037 3538 1192 3616 Gordius
1223 3540 1260 3602 in
1282 3539 1427 3603 manerio
1451 3539 1491 3605 de

439 3642 682 3707 Tuderintone:
705 3641 889 3706 habendam
912 3644 947 3704 et
962 3640 1138 3704 tenendam
1170 3643 1275 3705 totam
1300 3641 1492 3724 praedictam

438 3752 559 3811 terram
582 3766 656 3812 cum
688 3744 847 3824 domibus,
881 3741 1084 3828 curtillagiis,
1117 3741 1237 3820 omitia,
1273 3743 1385 3828 pratis
1418 3763 1492 3828 pas-

437 3849 530 3913 chuis
553 3854 587 3912 ct
609 3847 762 3933 pasturis,
786 3852 917 3911 etcum
940 3844 1093 3909 omnibus
1115 3844 1191 3909 aliis
1222 3843 1329 3921 rebus,
1357 3844 1492 3910 liberta·

437 3952 534 4027 tibus,
559 3957 592 4016 et
615 3950 726 4015 liberis
747 3935 1052 4025 consuetudinibus,
1076 3947 1119 4012 ad
1141 3946 1336 4032 praedictam
1368 3953 1491 4012 terram

435 4053 547 4137 aliquo
581 4051 678 4116 modo
711 4051 963 4136 pertinentibus
998 4047 1167 4134 praedictis
1199 4047 1313 4112 abbati
1349 4053 1383 4112 et
1414 4070 1490 4114 con-

436 4153 554 4218 ventui
586 4159 620 4217 et
658 4173 769 4217 eorum
808 4150 1054 4226 successoribus,
1088 4148 1190 4213 libere
1225 4155 1259 4214 et
1297 4149 1417 4234 quiete,
1439 4151 1491 4215 in·

435 4262 525 4342 tegre
549 4261 583 4320 ct
605 4253 747 4341 pacifice,
786 4255 856 4319 sinc
886 4253 997 4339 aliqua
1021 4251 1289 4328 contradictione,
1312 4253 1490 4319 vexatione

434 4366 495 4424 aut
517 4358 756 4434 reclamatione,
781 4358 845 4422 mei
869 4355 922 4420 val
953 4353 1112 4421 heredum
1145 4376 1301 4432 meorum,
1327 4355 1488 4443 imperpe-

434 4467 539 4526 tuum.
585 4460 709 4525 Remisi
745 4459 846 4524 etiam
880 4457 1004 4522 eisdem
1027 4456 1142 4523 abbati
1174 4461 1208 4522 ct
1239 4459 1420 4523 conventui
1454 4464 1490 4526 et

433 4586 546 4630 eorum
569 4563 814 4637 successoribus,
837 4583 896 4649 pro
914 4581 967 4625 me
990 4566 1024 4626 et
1045 4559 1299 4646 proheredibus
1321 4561 1404 4626 meis
1426 4562 1487 4625 im-

439 4749 459 4758 .ι
475 4748 661 4758 .-.ὑ-...η-
685 4745 1029 4757 ..-..-——..-—-.—....-.
1246 4745 1491 4758 -.----..-...,

840 4850 847 4882 ¹
860 4847 975 4918 optineat
986 4849 1013 4902 in
1025 4848 1081 4902 MS.
