3566 5820
578 952 776 1005 ssomrsmr
799 953 1122 1006 mnnssomrusn
1313 943 1375 1005 141

371 1126 408 1192 si
437 1148 517 1193 vero
548 1129 662 1194 everis
691 1135 805 1194 nostre
837 1151 897 1215 pro
932 1129 1062 1196 defectu
1093 1130 1209 1196 fossati
1242 1132 1377 1209 intrent,

325 1250 392 1294 non
423 1229 553 1296 licitum
583 1237 634 1298 est
664 1231 712 1296 eis
746 1251 785 1298 ec
816 1231 1103 1318 inps1·chsre‚nec
1135 1237 1287 1300 tenemur
1319 1255 1377 1322 pro

326 1331 469 1417 dampno
492 1331 616 1397 ibidem
638 1333 726 1400 fecto
749 1335 797 1398 eis
819 1335 1023 1420 respondere.

370 1431 414 1498 Et
436 1433 723 1500 uestimentum
753 1435 854 1521 hujus
884 1436 1085 1503 remissionis
1109 1445 1143 1503 et
1166 1438 1288 1522 quietae
1311 1440 1376 1505 cle-

324 1535 460 1600 mentiae
483 1534 546 1602 hoc
568 1535 728 1623 scriptum
751 1536 876 1603 eisdem
902 1537 1017 1604 abbati
1039 1541 1075 1604 et
1097 1539 1276 1607 conventui
1299 1541 1376 1610 feei-

323 1658 406 1718 mus,
430 1641 465 1704 et
487 1637 606 1727 sigillis
629 1638 750 1706 nostris
773 1639 988 1728 signavimus.

680 1847 760 1914 Onr.
785 1845 1020 1915 OOLXXHH.

379 1971 499 2060 Qtuiete
521 1973 712 2044 eumentes
735 1973 922 2133 Royteergwde
944 1975 1116 2045 cercone
1139 1977 1179 2044 de
1200 1977 1316 2046 eodem

369 2183 484 2251 Sciant
521 2187 699 2271 praesentes
733 2191 769 2250 et
799 2185 906 2252 futuri
937 2187 1025 2272 quod
1058 2207 1119 2274 ego
1151 2187 1300 2274 Rogems
1334 2189 1375 2252 de
1388 2197 1477 2250 Ofthe

322 2286 521 2354 Choerltone
552 2287 704 2366 concessi,
727 2289 847 2366 remisi,
871 2294 906 2355 et
928 2289 1078 2374 quietum
1101 2289 1249 2368 semovi,
1272 2289 1375 2355 domi·
1388 2281 1464 2316 ΜΘ·

321 2391 373 2457 nis
404 2392 485 2456 meis
509 2389 674 2457 Willelmo
701 2389 814 2458 sbbeti
845 2397 881 2458 et
909 2393 1091 2458 conventui
1123 2393 1376 2472 Mslmesburiae,

320 2516 456 2582 prome
482 2500 517 2561 et
538 2495 714 2561 heredibus
745 2499 780 2560 et
802 2495 978 2581 assignetis
1010 2497 1092 2562 meis
1122 2497 1374 2584 imperpetuum,

320 2602 429 2662 totum
455 2597 512 2683 jus
539 2603 574 2662 et
605 2597 760 2664 olomium
792 2598 879 2682 quod
914 2598 1025 2675 hebui,
1049 2599 1103 2664 vel
1135 2599 1246 2685 aliquo
1278 2602 1374 2665 modo

322 2698 440 2764 habere
463 2699 566 2784 potui,
590 2699 626 2762 in
649 2703 720 2765 toto
742 2698 800 2764 illo
823 2719 947 2786 compo,
971 2699 1029 2784 qui
1047 2700 1138 2786 jacet
1162 2702 1198 2766 in
1221 2701 1373 2767 orientedi

320 2806 414 2888 perte
447 2802 544 2886 heyse
567 2822 649 2866 mese
675 2801 765 2887 apud
787 2799 1059 2885 Wynekewrthe,
1083 2804 1198 2888 etqui
1221 2805 1374 2869 extendit
1386 2825 1404 2874 f.
1416 2829 1463 2879 215
1477 2819 1500 2876 t.

320 2925 354 2968 se
376 2902 419 2968 sb
440 2901 530 2988 heys
551 2901 710 2988 predicte
732 2923 846 2969 versus
869 2902 1040 2982 orientem,
1056 2925 1160 2990 usque
1176 2905 1219 2972 od
1234 2905 1372 2972 orosam

320 3004 480 3070 Hunfiidi
503 3004 544 3070 de
567 3004 719 3082 Frexino,
748 3009 782 3069 et
812 3023 915 3090 usque
947 3005 1175 3085 Odeneerofte,
1207 3012 1242 3072 et
1270 3029 1291 3072 e
1317 3009 1374 3074 vic

319 3107 535 3194 protendente
567 3128 682 3173 versus
710 3106 745 3172 le
767 3105 986 3194 Wodebn‘gge
1018 3129 1122 3194 usque
1152 3109 1196 3175 sd
1225 3110 1372 3174 rivulum

320 3229 432 3274 versus
462 3213 622 3286 austrum,
652 3209 740 3274 inter
770 3229 922 3296 campum
955 3209 1152 3296 praedictum
1183 3215 1218 3276 et
1248 3216 1371 3277 terrem

318 3331 357 3377 oc
379 3315 511 3396 pratum
532 3308 705 3374 hominum
728 3309 769 3374 de
793 3307 1004 3375 Olaverdone.

364 3411 515 3478 Ooncessi
539 3412 641 3478 etiem
664 3411 787 3478 eisdem
809 3411 925 3478 abbati
947 3416 982 3477 et
1004 3414 1192 3490 conventui,
1209 3420 1370 3480 eteorum

316 3514 563 3591 successoribus,
579 3513 668 3599 quod
690 3514 818 3600 possint
840 3519 973 3600 protum
993 3519 1027 3579 et
1041 3514 1176 3580 boscum
1199 3537 1312 3581 eorum
1335 3517 1371 3582 in

316 3616 510 3684 occidentali
541 3620 635 3703 perte
658 3615 747 3681 bosci
777 3620 812 3682 et
843 3616 932 3702 preti
962 3616 1027 3681 mei
1059 3616 1181 3682 fossato
1216 3623 1251 3683 et
1283 3619 1371 3705 haye

317 3719 493 3796 includere,
524 3723 560 3783 et
589 3717 784 3803 predictum
816 3739 978 3804 campum,
1009 3719 1143 3786 boscum
1174 3725 1208 3784 et
1237 3725 1370 3808 pratum

314 3823 569 3907 circumquaque
603 3819 770 3896 infosssre,
802 3825 837 3884 et
867 3821 903 3883 in
937 3820 1048 3886 clauso
1084 3821 1217 3887 defenso
1249 3828 1370 3902 tenere,

313 3925 387 3988 sine
408 3921 521 4006 alique
551 3919 819 3998 contradictione,
842 3921 1030 3998 vexatione,
1054 3922 1108 3986 vel
1139 3923 1371 3990 reclamatione

314 4025 391 4100 mei,
421 4023 475 4088 vel
506 4022 664 4087 heredum
696 4043 754 4088 seu
784 4021 1027 4108 assignatorum
1061 4044 1218 4101 meorum,
1251 4025 1371 4111 imper·

313 4131 462 4213 potuum.
532 4123 587 4189 Its
608 4122 698 4208 quod
720 4145 782 4190 neo
804 4145 865 4209 ego
887 4145 949 4189 nec
970 4123 1091 4209 aliquis
1120 4124 1280 4191 heredum
1312 4149 1371 4192 seu

310 4229 557 4314 assignatorum
582 4247 729 4292 meorum
759 4226 887 4318 aliquid
906 4225 992 4311 juris
1007 4226 1061 4292 vel
1084 4225 1205 4306 elemii,
1229 4250 1286 4294 seu
1309 4229 1370 4294 sli-

312 4353 416 4418 qusm
439 4347 647 4396 communem
676 4329 713 4392 in
735 4328 894 4414 preedicto
921 4348 1045 4413 campo,
1068 4328 1166 4396 bosco
1188 4331 1243 4395 vel
1266 4337 1370 4418 preto,

309 4456 373 4500 seu
390 4433 489 4498 etiem
513 4430 628 4496 eroftis
643 4429 887 4516 pertinentibus
902 4430 946 4494 sd
961 4451 1113 4495 mensum
1136 4433 1369 4518 praedictorum

308 4535 446 4602 abbatis
472 4537 508 4598 et
537 4537 729 4609 conventus,
752 4531 876 4596 ibidem
907 4532 1082 4599 vendicare
1114 4535 1277 4620 possimus
1308 4537 1368 4601 im·

306 4641 518 4725 perpetuum.
588 4633 625 4699 Si
660 4640 735 4698 'vero
766 4635 878 4699 everis
909 4635 1141 4720 predictorum
1172 4637 1303 4704 ebbetis
1333 4645 1368 4704 et

306 4743 506 4812 conventus,
530 4734 583 4799 vel
607 4735 780 4800 hominum
803 4757 948 4812 suorum,
971 4736 1098 4804 intrent
1124 4737 1209 4804 infra
1232 4740 1368 4825 praedic-

303 4847 385 4910 tem
417 4837 565 4915 orestem,
597 4836 732 4903 boscum
767 4842 827 4902 sut
864 4841 1005 4926 protum,
1041 4843 1174 4928 propter
1204 4840 1367 4910 defectum
