3524 5808
435 857 500 922 332
689 873 888 924 ssersrsuu
912 873 1234 924 mussusmsss.

801 1160 881 1230 oo.
905 1122 1122 1230 ccccxiv,

262 1329 281 1382 f.
294 1330 374 1382 sest.
435 1311 540 1379 corta
563 1310 727 1398 Philippi
756 1309 911 1399 Reypoer
933 1312 974 1379 de
1000 1313 1181 1399 Kpnptooe
1199 1311 1295 1400 sueto
1324 1311 1489 1380 Willelmo

659 1414 740 1500 filio
769 1413 957 1500 Wyntondo'
981 1414 1021 1480 de
1044 1413 1260 1501 Oboubr‘ippe.

265 1586 413 1640 crantore
478 1568 643 1634 Omnibus
675 1567 802 1636 Christi
833 1568 987 1636 fidelibus
1020 1567 1106 1635 huuc
1132 1573 1329 1654 praesentem
1360 1573 1485 1634 eorum

262 1660 418 1772 {nffigb
432 1669 553 1736 visuris
576 1668 630 1734 vel
660 1669 835 1748 audituris,
858 1669 1031 1756 Philippus
1062 1669 1195 1756 Reyner
1229 1669 1270 1736 de
1301 1669 1485 1755 Kyngtone

261 1794 385 1852 tompus
432 1776 467 1838 et
502 1770 645 1838 Iscbellu
678 1770 825 1839 Nobelot
861 1791 947 1838 uxor
978 1791 1048 1850 sue,
1082 1770 1224 1838 sulutem
1261 1772 1297 1836 iu
1338 1771 1484 1838 Domino

262 1853 393 1970 {mg
431 1873 674 1960 sempiternam.
728 1873 871 1939 Noverit
893 1873 1095 1940 universitas
1117 1880 1229 1940 vestra
1250 1894 1309 1940 nos
1332 1874 1484 1940 unanimi

262 1985 291 2036 of
299 1985 343 2037 the
430 1975 566 2044 consilio
598 1980 633 2041 et
663 1975 838 2044 voluntate
865 1977 1031 2042 communi
1061 1977 1197 2056 dedisse,
1221 1977 1425 2055 concessisse,
1449 1981 1485 2042 et

261 2051 382 2170 '3222‘
429 2075 492 2144 hcc
522 2077 678 2163 praeseuti
711 2082 804 2144 certe
836 2084 950 2144 nostre
978 2078 1197 2156 confirmasse,
1218 2078 1385 2144 Willclmo
1414 2078 1483 2144 filio

260 2185 363 2250 Parnes.
430 2178 615 2264 Wymundi
645 2186 682 2246 et
703 2179 831 2246 Aviciae
861 2180 903 2246 de
926 2179 1140 2267 Choubrigge
1169 2201 1229 2266 pro
1252 2180 1393 2248 servicio
1411 2201 1471 2246 suo

429 2286 539 2348 totum
575 2281 659 2348 illud
693 2286 920 2348 tenementum
958 2282 995 2348 in
1029 2282 1111 2348 villo
1144 2283 1185 2348 de
1220 2283 1477 2368 Hnuekyutoue,

430 2384 519 2468 quod
552 2383 650 2450 cessit
687 2383 855 2469 praedictse
878 2382 1029 2450 leubellse
1060 2383 1258 2450 hereditarie
1289 2385 1326 2449 in
1353 2389 1481 2470 purtem

429 2491 547 2552 contro
568 2485 760 2572 predictum
775 2484 929 2552 Avicium
949 2505 1091 2552 sororem
1113 2507 1206 2552 suem
1222 2491 1298 2573 post
1313 2487 1480 2553 decessum

430 2588 588 2654 Willelmi
612 2588 757 2656 Nobelot
779 2589 835 2656 evi
858 2588 1092 2675 praedieterum
1115 2588 1243 2656 Aviciae
1266 2595 1301 2656 et
1321 2589 1479 2666 Issbellae,

429 2709 505 2756 cum
527 2690 680 2756 omnibus
706 2689 919 2776 pertinentiis
941 2690 1018 2769 sule,
1043 2697 1078 2756 et
1100 2712 1176 2756 cum
1198 2691 1287 2756 omni
1306 2690 1383 2776 jure
1406 2712 1478 2776 quse

428 2791 523 2856 nobis
546 2798 581 2858 et
604 2792 781 2858 heredibus
803 2793 926 2858 nostris
949 2793 1078 2858 dstote
1099 2793 1158 2858 illo
1180 2797 1370 2858 tenemento
1392 2791 1479 2878 quod

428 2893 495 2960 fuit
530 2895 683 2980 praedieti
706 2894 864 2960 Willelmi
898 2893 1050 2972 Nobelot,
1082 2900 1118 2961 et
1151 2895 1252 2961 etium
1283 2916 1359 2962 cum
1390 2893 1479 2960 omui

357 3066 360 3072 ,
425 2995 501 3081 jure
532 3019 607 3082 quse
639 2998 735 3063 uobis
768 3002 803 3064 et
833 2997 1009 3063 heredibus
1043 2997 1167 3062 uostris
1199 2997 1367 3064 cecesione
1398 2996 1478 3062 dieti

429 3100 611 3167 tenementi
642 3100 753 3185 eliquo
775 3122 851 3168 essu
874 3101 1096 3187 contingente,
1120 3101 1243 3185 ubique
1273 3099 1396 3186 poterit
1425 3121 1477 3165 sc·

429 3204 545 3270 cidere.
616 3204 818 3270 Hebendum
853 3210 888 3269 et
921 3204 1103 3269 tenendum
1136 3208 1246 3268 totum
1283 3202 1478 3287 praedictum

428 3309 654 3372 tenementum
692 3306 729 3370 in
762 3305 919 3383 aedifioiis,
964 3305 1079 3382 hortis,
1113 3309 1149 3369 et
1184 3304 1341 3390 gordinis,
1373 3303 1478 3379 terris,

427 3410 539 3494 protis,
564 3408 692 3495 pascuis
718 3413 753 3474 et
775 3408 929 3493 pisturis,
952 3407 1138 3472 redditibus
1162 3411 1197 3472 et
1218 3407 1346 3472 caeteris
1376 3405 1478 3492 perti-

427 3510 551 3576 nentiis
573 3510 651 3585 suis,
674 3515 708 3574 et
731 3531 806 3576 cum
829 3508 919 3575 omui
940 3508 1019 3594 jure
1048 3508 1289 3594 praenomineto
1318 3508 1478 3588 prsedioto

427 3611 602 3690 willelme,
622 3617 657 3677 et
678 3611 855 3677 heredibus
878 3611 997 3677 suiset
1018 3611 1195 3697 assignatis
1217 3611 1295 3688 suis,
1318 3611 1359 3675 de
1382 3611 1477 3676 uobis

428 3719 462 3780 et
483 3714 659 3780 heredibus
689 3714 819 3791 nostris,
842 3713 926 3779 bcue
948 3717 983 3778 et
1006 3713 1042 3776 in
1064 3733 1152 3798 pcce,
1174 3711 1285 3790 libere,
1300 3712 1421 3797 quiete,
1444 3715 1479 3777 et

426 3817 678 3903 imperpetuum.
724 3815 906 3882 Reddendo
929 3814 1007 3880 iude
1030 3815 1205 3880 annuatim
1231 3814 1302 3900 ipse
1327 3821 1361 3879 et
1385 3814 1478 3880 here-

428 3919 486 3984 des
516 3919 577 4000 sui,
600 3925 634 3984 et
665 3919 825 4005 assignati
855 3917 916 3996 sui,
940 3918 1073 3984 domino
1104 3917 1239 4004 capituli
1272 3917 1412 3984 servicio
1443 3923 1479 3984 et

426 4020 577 4086 redditus
600 4020 728 4086 debitos
751 4025 785 4086 et
808 4024 990 4098 consuetos,
1014 4019 1165 4086 terminis
1193 4019 1315 4085 debitis
1337 4025 1372 4085 et
1402 4041 1478 4086 con-

426 4129 529 4193 suetis
541 4151 550 4207 ;
582 4132 617 4194 et
648 4127 743 4194 uobis
774 4131 808 4192 et
831 4127 891 4192 uui
919 4130 1069 4192 nostrum
1092 4127 1150 4211 qui
1173 4131 1338 4211 superstes
1364 4126 1477 4204 luerit,

425 4229 565 4316 singulis
596 4229 693 4295 annis
716 4229 796 4294 dum
819 4229 978 4308 vivemus,
1002 4234 1129 4314 septem
1162 4229 1331 4313 quarteria
1360 4229 1478 4294 mundi

425 4331 583 4397 frumenti
606 4332 649 4396 ed
665 4335 807 4417 quotuor
822 4331 979 4397 terminos
1002 4330 1100 4396 enni:
1116 4330 1279 4407 videlicet,
1295 4331 1339 4396 od
1354 4330 1476 4396 festum

427 4434 541 4500 Sancti
565 4433 734 4499 Michaelis
762 4434 827 4498 trie
851 4432 1025 4519 quarteria,
1048 4437 1163 4499 contre
1194 4431 1316 4498 Netele
1340 4432 1477 4498 Domini

426 4559 529 4602 unum
553 4537 764 4622 quarterium,
780 4537 824 4601 ed
845 4535 968 4600 festum
992 4535 1175 4601 Dominicae
1198 4536 1476 4602 Annunciutionis

425 4641 491 4705 duo
514 4639 690 4725 quarteria,
717 4645 751 4703 et
771 4644 885 4704 contre
908 4637 1123 4704 Pentecosten
1146 4659 1249 4703 unum
1272 4641 1476 4724 quarterium

423 4741 591 4820 frumenti,
622 4745 657 4806 et
679 4740 722 4806 ed
753 4739 1020 4806 Purificatiouem
1051 4739 1164 4806 Beetae
1187 4739 1335 4828 Virginis
1370 4765 1474 4808 unum
