3524 5808
686 919 867 968 arenunrx
892 918 914 967 1.
1266 901 1329 966 391

274 1110 371 1174 dictae
407 1128 510 1174 terroe.
580 1105 634 1172 Ito
666 1113 777 1172 tamen
815 1106 903 1192 quod
935 1104 1083 1190 praedicti
1122 1101 1259 1167 ebbetes
1296 1107 1332 1167 et

273 1213 397 1298 priores
423 1211 482 1296 qui
511 1209 688 1275 servicium
722 1209 818 1274 nobis
850 1207 980 1284 debent,
1003 1206 1149 1271 habeant
1179 1211 1261 1271 tunc
1283 1205 1331 1270 ibi

272 1335 331 1399 pro
354 1335 387 1378 se
411 1311 587 1376 servicium
612 1311 708 1376 nobis
731 1311 882 1376 debitum
905 1309 1015 1396 parati
1038 1307 1081 1374 ed
1113 1307 1330 1372 transfreten-

273 1415 351 1480 dum
375 1398 544 1479 nobiscum
568 1413 604 1476 in
627 1413 732 1477 folms
754 1412 920 1498 praedicte.

530 1701 616 1766 Item
639 1699 742 1765 uliud
765 1701 855 1766 breue
874 1721 940 1786 pro
962 1699 1082 1766 cedern.

318 1875 354 1941 Ε.
386 1876 449 1941 Dei
480 1877 590 1962 gratia
623 1899 681 1941 rex
715 1877 856 1963 Angliae,
886 1877 1039 1942 dominus
1073 1877 1263 1962 Hyberniae,
1293 1879 1328 1941 et
1342 1891 1450 1944 weitos

272 1977 342 2042 dux
380 1979 585 2064 Aquitanae,
625 1978 745 2044 dilecto
784 1979 847 2043 siu
887 1980 923 2043 in
956 1977 1099 2054 eurise,
1132 1977 1244 2043 aseae
1285 1959 1469 2079 offis

273 2079 516 2158 Malmesburia,
540 2081 689 2146 salutem.
736 2081 824 2160 Quia
845 2081 888 2147 ed
920 2088 1042 2146 terrem
1074 2089 1221 2145 nostram
1248 2079 1326 2144 Vas-
1340 2095 1422 2144 rothe

273 2183 383 2261 conire,
408 2184 449 2248 de
472 2179 539 2268 qira
569 2204 630 2247 rex
661 2183 808 2248 Franciee
843 2184 1008 2248 maliciose
1039 2204 1099 2246 nos
1129 2181 1327 2247 exheredare
1340 2162 1424 2212 “him‘'

272 2287 434 2371 proponit,
469 2287 657 2372 passagium
693 2291 841 2350 nostrum
877 2287 913 2350 in
947 2285 1094 2372 ejusdem
1127 2289 1224 2352 terrae
1256 2307 1328 2350 suc·

272 2409 403 2451 cursum
423 2389 495 2473 jam
518 2387 675 2452 duximus
698 2388 922 2465 statuendum,
946 2387 1040 2453 vobis
1064 2387 1267 2464 mandemus,
1291 2387 1328 2450 in

273 2489 336 2554 fide
360 2494 395 2554 et
428 2489 604 2554 dilectione
639 2488 760 2573 quibus
791 2490 888 2554 nobis
921 2488 1081 2554 tenemini
1117 2489 1255 2553 firmiter
1277 2489 1328 2552 in-

267 2591 457 2676 jungentes,
482 2591 571 2676 quod
610 2590 762 2654 habeatis
794 2591 836 2654 ad
874 2613 934 2655 nos
967 2591 1056 2677 apud
1089 2589 1328 2667 Portesmuthe,

273 2693 379 2778 primo
413 2693 466 2758 die
501 2693 621 2757 mensis
654 2692 857 2778 Septembris
891 2693 1041 2780 proximo
1075 2691 1196 2768 futuro,
1220 2697 1328 2756 totum

273 2794 447 2859 servicium
484 2795 573 2879 quod
605 2794 701 2859 nobis
734 2794 872 2875 debetis,
903 2799 1058 2881 peratum
1093 2795 1135 2858 ad
1170 2794 1328 2860 transfre-

273 2896 413 2962 tandum
446 2896 616 2961 nobiscum
639 2896 676 2960 in
707 2917 896 2961 succursum
927 2897 1025 2962 diotae
1048 2901 1153 2962 terrae.
1200 2895 1245 2961 Et
1266 2895 1328 2962 hoo

272 3000 461 3066 nullatenus
484 3000 656 3064 omittatis.
703 2997 799 3063 Teste
822 3021 874 3065 me
897 3000 969 3085 ipso
991 2998 1081 3084 apud
1107 2997 1327 3064 Westmonas-

273 3103 403 3179 terium,
433 3101 516 3165 xiiii.
549 3101 602 3165 die
640 3100 745 3178 Junii,
780 3121 867 3166 anno
902 3101 995 3187 regni
1029 3101 1135 3165 nostri
1169 3101 1328 3168 vicesimo

271 3205 421 3272 secmdo.

318 3311 379 3375 Hii
400 3309 550 3376 fecerunt
571 3309 746 3376 servicium
759 3331 812 3370 :-

319 3412 532 3491 Somerforde,
556 3413 681 3489 Arene,
702 3411 872 3478 Johannes
895 3411 936 3476 de
959 3409 1198 3496 Hanekynmn.
1295 3469 1315 3482 „
