3524 5808
622 904 801 955 Arruumx
826 907 862 955 11.
1207 891 1272 955 403

222 1089 341 1156 hannis
364 1097 398 1156 et
430 1091 560 1157 comitis
583 1091 784 1177 Lynoolniae.
834 1092 877 1157 Et
909 1093 988 1158 inde
1024 1114 1152 1179 semper
1186 1094 1274 1158 inter

222 1192 402 1278 Wydemor
436 1199 471 1258 et
504 1193 778 1260 Peverelesvode.
826 1193 870 1260 Et
904 1196 951 1261 sic
983 1217 1111 1283 semper
1144 1218 1203 1283 per
1237 1195 1271 1260 Io

224 1295 397 1382 Mevcwcyc
431 1297 520 1362 inter
542 1297 677 1362 boscum
701 1296 838 1362 Roberti
851 1298 902 1362 de
927 1297 1058 1384 annes
1081 1305 1116 1364 et
1138 1299 1273 1365 boscum

224 1400 351 1464 comitis
375 1400 566 1486 Lyncolniae
593 1422 697 1485 usque
727 1400 770 1465 ad
805 1399 841 1465 ln
863 1399 1111 1468 Bottcnbendc.¹
1159 1401 1204 1467 Et
1226 1403 1274 1467 sic

224 1523 350 1589 semper
371 1524 431 1590 per
455 1503 545 1568 viam
572 1523 676 1588 usque
699 1502 742 1567 ad
774 1501 1076 1568 Tholnitreshulle?
1121 1503 1165 1568 Et
1196 1505 1273 1569 inde

224 1627 325 1690 usque
360 1605 404 1670 ad
438 1605 474 1670 lc
506 1603 631 1671 Strode.
690 1604 735 1669 Et
769 1605 846 1670 inde
879 1627 982 1692 usque
1015 1607 1057 1670 ad
1092 1605 1273 1692 Heremyte

225 1706 358 1772 Croite.3
412 1708 456 1772 Et
479 1709 525 1773 sic
548 1729 651 1792 usque
686 1709 729 1773 ad
761 1708 956 1794 praedictum
991 1708 1176 1774 Beostoke.⁴
1230 1709 1274 1774 Et

225 1810 340 1874 dicunt
372 1809 461 1894 quod
493 1809 660 1896 praedictae
698 1815 796 1874 metae
829 1815 863 1875 et
900 1811 1042 1876 boundae
1080 1811 1273 1896 praedictam

224 1913 405 1977 forestam⁶
431 1912 582 1977 solebant
616 1912 791 1978 includere.
832 1913 876 1978 Et
908 1914 996 1998 quod
1029 1914 1181 1978 dominus
1216 1937 1275 1980 rex

225 2020 321 2080 extra
343 2015 516 2101 praedictas
539 2021 644 2080 metas
667 2014 796 2079 nullum
819 2015 921 2080 habet
943 2017 1077 2081 boscum
1108 2017 1275 2102 praedictae

225 2117 354 2181 forestae
397 2117 610 2200 adjacentem.
674 2115 718 2181 Et
756 2117 872 2182 dicunt
911 2118 999 2203 quod
1036 2139 1148 2183 omnes
1186 2118 1275 2184 bosci

225 2225 322 2284 terrae
345 2224 379 2284 et
410 2218 481 2283 loca
512 2218 679 2305 praedictae
711 2219 841 2284 forestae
875 2221 1089 2306 appropriati
1112 2243 1186 2306 quae
1219 2243 1278 2308 per

225 2323 324 2387 istam
347 2321 664 2408 perambulationem
687 2321 972 2398 deafforestantur,
995 2321 1185 2387 afforestata
1208 2323 1278 2388 tire·

225 2429 303 2488 runt
328 2428 404 2508 post
426 2423 671 2488 coronationem
695 2422 821 2486 domini
853 2423 940 2508 regis
964 2421 1134 2511 H[enriei]
1162 2425 1278 2510 proavi

228 2525 352 2590 domini
376 2526 463 2612 regis
485 2547 581 2590 nunc.
629 2524 695 2590 Sed
719 2524 799 2609 quid
822 2531 857 2589 et
880 2531 1042 2610 quantum
1074 2526 1278 2612 temporibus

227 2649 342 2714 regum
365 2628 551 2714 separatim,
576 2626 668 2691 nullo
691 2626 789 2691 modo
812 2627 859 2692 eis
883 2633 1031 2692 constare
1054 2633 1172 2712 potest.

273 2841 457 2906 Edwardus
480 2840 543 2904 Dei
573 2841 681 2926 gratia
715 2861 773 2904 rex
797 2839 937 2926 Angliae,
971 2839 1124 2906 dominus
1158 2841 1308 2906 Hiber-s·
1321 2843 1362 2892 ²⁷·

229 2942 293 3008 niae
316 2947 351 3007 et
373 2942 443 3006 dux
459 2942 660 3026 Aquitaniae,
677 2940 797 3006 dilecto
822 2941 884 3006 sibi
910 2941 947 3004 in
963 2940 1097 3007 Christo
1113 2994 1119 3005 .
1137 2991 1144 3006 .
1162 2943 1277 3008 abbati
1291 2933 1437 3050 gssffi

229 3045 270 3109 de
293 3043 536 3120 Malmesburia,
559 3043 709 3108 salutem.
753 3041 837 3107 Cum
861 3064 967 3128 nuper
998 3044 1086 3109 inter
1108 3049 1212 3109 terras
1244 3051 1451 3131 ettoMsrgaret

228 3153 418 3212 tenemento
433 3168 506 3231 quae
530 3145 770 3230 assignavimus
791 3144 986 3230 Margaretae
1010 3165 1084 3230 quae
1107 3146 1172 3210 fuit
1195 3168 1279 3212 uxor
1291 3131 1421 3249 {mas

229 3248 397 3314 Edmundi
420 3248 585 3334 quondam
613 3247 742 3312 comitis
766 3245 944 3312 Cornubiae
967 3245 1124 3326 defuncti,
1148 3251 1205 3334 qui
1238 3250 1278 3315 de
1292 3264 1388 3316 earlof

230 3335 324 3416 nobis
346 3352 456 3416 tenuit
480 3351 647 3436 incapite,
664 3351 700 3412 in
716 3350 825 3414 dotem
850 3350 890 3414 de
914 3351 1010 3414 terris
1025 3356 1060 3416 et
1081 3353 1279 3417 tenementis
1292 3331 1454 3462 fssfflff

229 3453 413 3538 dequibus
443 3452 531 3516 idem
563 3451 759 3516 Edmundus
793 3451 859 3515 fuit
892 3451 1023 3516 seisitus
1046 3452 1082 3516 in
1116 3452 1381 3530 dominicobythe

230 3577 289 3621 suo
311 3562 351 3620 ut
374 3555 413 3620 de
436 3555 540 3632 feodo,
563 3555 617 3619 die
640 3576 705 3640 quo
729 3553 821 3631 obiit,
844 3559 879 3619 et
902 3576 976 3639 quse
999 3554 1041 3620 ad
1065 3576 1182 3620 manus
1205 3577 1279 3621 nos·
1292 3531 1411 3648 {mg

229 3666 298 3725 tras
320 3681 378 3745 per
401 3665 538 3724 mortem
562 3658 709 3743 ejusdem
738 3658 868 3723 comitis
899 3657 1112 3736 devenerunt,
1135 3658 1279 3745 assigna·
1292 3666 1365 3729 buu·

230 3763 374 3827 verimus
408 3760 576 3846 praedictae
615 3759 810 3847 Margaretae
845 3759 967 3846 viginti
1002 3759 1141 3826 libratas
1176 3762 1280 3826 annui
1294 3731 1383 3849 ᾖξ’·

230 3863 388 3940 redditus,
410 3884 493 3948 quas
508 3883 567 3926 vos
591 3860 729 3948 praefato
752 3861 866 3927 comiti
890 3861 969 3925 dum
993 3861 1081 3926 vixit
1104 3884 1164 3948 pro
1186 3863 1282 3930 firma

231 3967 320 4033 villae
354 3968 394 4032 de
429 3965 664 4032 Malmesburia
696 3966 821 4031 solvere
854 3967 1079 4043 consuevistis,
1114 3965 1283 4033 habendas

230 4071 265 4134 in
289 4071 400 4135 dotem
433 4091 502 4136 una
533 4091 607 4135 cum
643 4068 740 4134 terris
771 4073 805 4133 et
836 4069 1035 4133 tenementis
1069 4067 1266 4154 supradictis
1278 4093 1285 4150 ;

232 4173 326 4239 vobis
364 4172 561 4238 mandamus
601 4171 688 4256 qnod
727 4171 832 4235 eidem
873 4169 1068 4257 Margarctae
1110 4170 1285 4257 praedictas

230 4275 353 4361 viginti
376 4273 513 4340 libratas
536 4272 687 4340 redditus
721 4273 764 4338 ad
787 4273 917 4337 eosdem
942 4275 1107 4350 terminos,
1129 4273 1173 4337 ad
1205 4295 1286 4358 quos

235 4428 553 4439 -—----—---—--
592 4427 635 4432 ----
653 4426 1007 4433 -—-——-—--——---·--.-
1037 4427 1113 4432 mu...-
1142 4427 1156 4432 -
1179 4427 1283 4434 ..—

266 4507 479 4574 ¹Battcstesdc]
494 4508 676 4572 Batedelynde.
765 4515 768 4587 p
822 4505 832 4538 ⁵
838 4505 978 4571 forestam]
1006 4506 1075 4557 Here
1098 4506 1142 4556 the
1171 4506 1219 4557 roll
1247 4506 1288 4556 in-

264 4585 734 4653 ²Tholaitrestulie]Tolyntreshnlle.
790 4592 855 4634 sens
888 4583 931 4634 the
960 4585 1043 4634 words
1057 4589 1162 4634 s-ante
1189 4593 1289 4648 tempus

266 4664 423 4730 ³Hcremyte
450 4664 542 4731 croflc]
572 4665 736 4729 Heremytes-
789 4661 959 4714 coronationis
971 4662 1006 4712 Η.
1015 4661 1083 4727 regis
1094 4661 1183 4725 proavi
1194 4663 1290 4714 domini

232 4746 312 4800 creste

314 4783 321 4797 .
787 4741 942 4806 regisnunc.

268 4825 279 4859 ⁴
290 4823 426 4890 Beostote]
439 4823 567 4874 ‘Banake

1056 4907 1158 4970 002
