3566 5820
557 865 755 917 sacramur
779 865 1100 917 uarrrsssusrnrsn.
1292 855 1354 920 159

304 1067 411 1155 plaoia
432 1068 601 1155 praedictae
623 1068 759 1146 bruerae,
790 1067 886 1132 nobis
910 1067 1083 1133 vendicare
1107 1067 1268 1154 possimus
1295 1068 1355 1132 im·

304 1176 509 1258 perpetuum.

350 1273 394 1338 Et
417 1275 453 1337 in
475 1273 702 1338 testimonium
733 1271 833 1358 hujus
860 1272 1060 1336 remissionis
1091 1276 1124 1338 et
1147 1273 1268 1358 quietae
1291 1273 1357 1337 cla-

304 1375 448 1452 mantiae‚
472 1375 533 1440 hoc
557 1377 715 1460 scriptum
739 1375 861 1441 eisdem
884 1374 999 1440 abbati
1028 1379 1062 1440 et
1085 1375 1263 1442 conventui
1285 1375 1355 1451 feei,

305 1483 339 1547 et
362 1477 470 1565 sigillo
493 1499 566 1544 meo
589 1478 727 1564 signavi.

663 1734 741 1799 Car.
767 1734 1010 1800 CCLXXXIX.

307 1901 428 1988 Quieto
461 1900 651 1966 clamantia
681 1899 855 1966 Jolruorois
890 1901 1032 1979 Horold,
1058 1901 1154 1988 scoto
1188 1901 1301 1970 atbair·
1326 1909 1357 1969 et

564 2002 744 2070 convertor·
767 2003 807 2068 de
830 2003 946 2070 corbos
969 2003 1101 2071 bruera.

349 2199 464 2265 Sciant
483 2204 660 2286 praesentes
681 2203 715 2264 ct
736 2197 842 2264 futuri.
860 2200 949 2285 quod
963 2221 1024 2286 ego
1040 2199 1209 2268 lohannes
1228 2201 1353 2269 Harald
1367 2215 1404 2268 Of
1411 2219 1456 2270 the

302 2303 422 2379 remisi,
445 2308 479 2367 et
506 2304 656 2387 quietum
687 2301 836 2379 clamavi,
864 2324 924 2387 pro
949 2325 1002 2367 me
1029 2307 1063 2368 et
1089 2323 1149 2387 pro
1179 2299 1443 2371 heredibusffl‘·

303 2411 337 2471 et
359 2405 535 2491 assignatis
558 2407 647 2480 meis,
671 2406 923 2491 imperpetuum,
947 2405 1079 2470 domino
1103 2404 1268 2471 Willelmo
1290 2405 1354 2472 Dei

302 2507 411 2594 gratia
426 2505 541 2571 abbati
553 2507 592 2571 de
610 2506 852 2583 Malmesburia,
870 2511 904 2571 et
919 2505 1066 2591 ejusdem
1081 2505 1144 2570 loci
1167 2511 1353 2586 conventui,

303 2614 337 2674 et
359 2629 471 2673 eorum
494 2608 740 2683 successoribus,
756 2613 865 2674 totum
885 2609 941 2692 jus
963 2613 996 2672 ei
1021 2608 1183 2686 clamium,
1200 2614 1354 2676 ettotam

303 2731 510 2779 communem
547 2733 646 2798 quam
680 2710 783 2775 habui
818 2709 872 2776 vel
905 2710 1026 2776 habere
1058 2711 1153 2798 potui
1187 2713 1354 2779 occasione

301 2820 399 2880 terrae
422 2834 504 2878 mere
526 2813 567 2877 de
591 2811 703 2890 Foxle,
726 2817 761 2876 et
784 2812 884 2876 etiam
911 2814 1002 2877 omni
1032 2804 1099 2877 alia
1121 2815 1296 2893 occasione,
1319 2816 1355 2880 in

303 2913 447 3002 quadam
477 2914 582 3000 plania
615 2933 744 2998 magnae
770 2913 897 2978 broeras
928 2934 1042 2979 versus
1066 2913 1257 3001 Corsgrave,
1281 2939 1354 3003 quae

298 3019 389 3104 jacet
418 3019 506 3081 inter
529 3017 611 3081 duas
641 3015 797 3092 culturas,
824 3037 898 3101 quse
921 3021 1083 3081 vocantur
1106 3016 1142 3082 lu
1175 3017 1355 3108 Kolcshebe

302 3128 338 3187 et
363 3117 546 3205 Aleiestebe
558 3144 571 3199 ;
605 3118 759 3184 videlicet
789 3119 832 3182 ab
864 3117 1060 3184 occidensali
1091 3121 1213 3206 angulo
1245 3122 1286 3186 de
1319 3123 1354 3186 lo

302 3222 482 3310 Kotesdebo
503 3243 606 3307 usque
622 3221 665 3286 ad
681 3220 915 3286 occidentalem
930 3220 1090 3307 angulum
1106 3222 1146 3286 de
1162 3221 1354 3311 Alsieslreba

302 3347 361 3412 per
383 3324 548 3411 quandam
571 3322 712 3388 viridem
735 3323 832 3399 viam,
856 3327 891 3386 et
913 3344 972 3407 per
995 3323 1159 3408 quendam
1190 3325 1354 3391 rivulum:

302 3427 426 3494 scilicet
448 3413 580 3490 inlota
603 3424 661 3490 illa
683 3424 789 3510 placia
812 3445 886 3510 quae
905 3423 996 3508 jacet
1018 3425 1054 3488 in
1077 3425 1229 3490 orientali
1259 3433 1354 3512 parte

301 3530 470 3617 pandicus
491 3529 556 3592 viae
578 3528 667 3591 inter
681 3525 854 3612 praedictas
877 3527 959 3591 duas
982 3526 1146 3592 culturas:
1168 3526 1354 3594 habendam

302 3639 336 3698 et
351 3632 527 3702 tenendam
542 3635 648 3694 totam
670 3629 861 3714 praedictam
881 3627 1020 3714 placiam
1042 3630 1207 3715 praedieta
1228 3631 1353 3698 broeras

302 3735 468 3821 praedictis
495 3733 609 3798 abbati
632 3736 667 3796 et
689 3732 875 3809 conventui,
899 3737 934 3796 et
965 3751 1076 3795 eorum
1108 3733 1353 3813 suecessoribus,

301 3838 440 3903 liberam
462 3840 497 3901 et
527 3836 673 3920 quietam
685 3857 694 3911 ;
719 3839 753 3898 ct
785 3854 856 3899 eam
890 3834 1012 3899 fossato
1039 3836 1302 3922 circumquaque,
1326 3837 1354 3902 si

301 3939 477 4013 voluerint,
504 3935 686 4012 includant,
718 3935 788 4000 sina
820 3935 932 4020 aliqua
962 3936 1230 4017 contradictione,
1253 3959 1354 4003 vexa·
1399 4015 1402 4022 ,

301 4041 399 4117 tione,
421 4038 476 4104 vel
499 4037 731 4102 reclamatione
763 4035 836 4112 mei,
860 4036 914 4101 vel
942 4036 1099 4102 heredum
1122 4059 1179 4103 seu
1209 4040 1354 4126 assigna·

300 4149 410 4207 torum
441 4159 596 4214 meorum,
620 4139 871 4223 imperpetuum,
933 4137 987 4202 Ita
1010 4139 1099 4223 quod
1120 4161 1181 4205 neo
1203 4163 1270 4227 ego,
1294 4163 1355 4208 nee

299 4244 420 4330 aliquis
458 4241 616 4305 heredum
654 4262 709 4304 seu
750 4241 990 4326 assignatorum
1033 4263 1189 4320 meorum,
1227 4242 1354 4330 aliquid
1364 4261 1386 4313 f.
1397 4267 1454 4314 aaa.

296 4347 382 4432 juris
405 4344 460 4409 rel
483 4343 593 4408 clamii
621 4363 679 4406 seu
709 4341 853 4427 aliquam
889 4363 1095 4408 communem
1128 4346 1164 4408 in
1195 4346 1354 4433 praedicta

299 4447 407 4535 placia
429 4445 596 4533 praedictse
618 4443 745 4511 bruerae
777 4443 872 4508 nobis
895 4445 1068 4510 vendicare
1099 4447 1261 4533 possimus
1292 4450 1353 4513 im·

301 4557 505 4638 perpetuum.

344 4651 389 4716 Et
410 4652 448 4714 in
469 4649 697 4715 testimonium
728 4647 828 4734 hujus
854 4650 1055 4715 remissionis
1084 4657 1118 4716 et
1142 4651 1264 4736 quietae
1287 4651 1352 4718 cla-

298 4753 435 4819 mentiae
462 4751 524 4817 hoc
545 4752 706 4837 scriptum
729 4751 849 4816 eisdem
874 4751 987 4818 abbati
1018 4758 1053 4817 et
1075 4755 1255 4820 conventui
1282 4755 1354 4837 feci,

300 4859 335 4923 et
357 4852 467 4946 sigillo
488 4875 562 4919 meo
585 4854 724 4944 signari.
