3578 5808
535 906 734 957 nucrsrnuu
757 901 1082 955 urrunssmusvsn
1291 885 1331 950 11

283 1089 323 1154 de
345 1089 572 1157 Obelevvrdem
605 1115 648 1158 ex
678 1099 772 1178 parte
796 1092 999 1169 occidentali,
1034 1113 1108 1178 quae
1132 1089 1336 1159 chirchcrof-

283 1201 333 1258 tes
362 1195 580 1280 appellantur,
604 1202 729 1262 etune
750 1218 854 1284 grava
880 1197 982 1281 juxta
1005 1195 1230 1261 Ubelevvrdem
1261 1215 1336 1260 cum

283 1303 378 1382 prato
416 1297 597 1384 adjacente,
631 1321 705 1385 quae
739 1299 939 1385 Ermcgrave
974 1297 1170 1384 appellatur,
1209 1304 1244 1362 et
1269 1317 1336 1360 uno

285 1403 379 1483 preto
416 1400 507 1486 apud
539 1399 763 1466 Creddevvelle
794 1421 868 1465 cum
907 1401 1004 1465 domo
1041 1399 1211 1485 edjscente
1250 1399 1337 1485 quod

286 1499 458 1566 Horscrolt
479 1501 676 1587 appellatur,
700 1507 735 1566 et
758 1501 906 1587 exceptis
929 1501 1052 1566 nostris
1075 1500 1248 1566 dominicis
1263 1521 1336 1586 pas-

286 1601 377 1665 turis.
424 1602 525 1668 Omni
548 1609 661 1668 autem
679 1603 750 1688 juri
773 1609 808 1667 et
830 1601 936 1668 clamo
959 1603 1047 1688 quod
1071 1601 1181 1666 dietus
1196 1601 1339 1666 Thomas

286 1702 417 1770 dicebat
439 1725 473 1769 se
497 1704 617 1770 habere
641 1705 678 1769 in
701 1703 848 1790 exceptis
871 1703 1045 1790 particulis
1069 1703 1279 1788 praescriptis,
1303 1703 1339 1766 in

287 1806 384 1892 plena
421 1807 516 1873 curia
547 1813 662 1872 nostra
696 1813 857 1893 perpetuo
889 1807 1109 1882 renunciavit,
1145 1813 1179 1871 et
1210 1807 1341 1871 easdem

287 1915 489 1975 sacramento
527 1909 739 1995 corporaliter
769 1909 920 1995 praestIto
951 1909 1122 1993 abjuravit
1143 1913 1177 1972 et
1212 1908 1342 1992 quietes

289 2009 466 2090 clamavit;
503 2016 610 2076 cartes
649 2010 751 2076 etiam
785 2032 867 2096 quas
902 2010 980 2076 inde
1014 2009 1142 2085 habuit,
1178 2009 1273 2074 nobis
1309 2016 1343 2075 et

291 2112 405 2177 domui
427 2118 558 2188 nostrae,
582 2135 642 2198 pro
665 2135 699 2178 se
723 2118 757 2177 et
779 2111 956 2178 heredibus
972 2111 1041 2176 suis
1062 2111 1214 2176 reddidit.
1261 2111 1344 2176 Haec

291 2219 331 2278 ut
353 2219 426 2279 rata
448 2215 518 2279 sint
540 2220 575 2279 et
597 2215 702 2292 firme,
725 2213 811 2279 hanc
834 2220 958 2280 certem
993 2214 1130 2279 fecimus
1161 2219 1196 2279 et
1227 2213 1344 2299 sigillis

291 2317 412 2382 nostris
435 2317 648 2404 signavimus.
696 2316 773 2382 Hiis
797 2317 938 2382 testibus
961 2323 1020 2383 etc.

676 2559 755 2625 CAP.
781 2558 965 2624 CXLVIII.

433 2715 656 2801 Ooufimructc’o
679 2715 896 2782 decimarum
919 2716 959 2782 cle
982 2717 1081 2782 Novo
1110 2715 1210 2781 Villo.

341 2865 513 2931 Universis
546 2865 671 2933 Christi
699 2866 851 2931 fidelibus
882 2867 925 2932 ad
960 2889 1041 2953 quos
1072 2888 1215 2953 praesens
1246 2867 1347 2952 scrip·
1362 2882 1502 2962 confirma-

295 2975 369 3032 tum
389 2969 587 3054 pervenerit,
605 2967 789 3032 Willelmus
812 2969 975 3034 secundus
999 2969 1115 3033 divine
1136 2969 1348 3053 permissione
1363 2949 1477 3067 ⁸¹⁰⁰t⁰2f

299 3069 524 3135 landavensis
540 3069 720 3156 episcopus,
737 3071 929 3135 salutemet
950 3070 1222 3136 benedictionem.
1263 3072 1350 3150 Quo·
1363 3031 1434 3134 iiiii.

296 3173 386 3238 niam
409 3174 497 3238 fecta
523 3173 714 3238 mortalium
737 3173 953 3258 temporalem
976 3172 1140 3238 mortem¹
1164 3179 1350 3259 sequuntur

300 3281 334 3338 et
355 3274 532 3339 oblivionis
550 3275 716 3360 jacturam
740 3275 898 3351 sentiunt,
911 3274 976 3339 nisi
1000 3275 1170 3360 scripturae
1193 3275 1351 3341 beneficio

299 3377 342 3441 ad
376 3376 566 3441 memoriam
600 3376 773 3442 hominum
805 3377 1013 3455 reducentur,
1044 3376 1087 3442 ad
1121 3377 1351 3442 universitatis

301 3486 418 3544 vestree
442 3479 597 3544 notitiam
621 3479 774 3544 volumus
797 3479 978 3564 pervenire,
1001 3500 1061 3545 nos
1083 3481 1127 3545 ad
1158 3480 1351 3566 petitionem

302 3581 365 3644 viri
388 3581 587 3647 venerabilis
609 3580 782 3658 Jobcnnis,
806 3580 869 3645 Dci
899 3580 1007 3666 grstia
1037 3581 1167 3646 abbatis
1200 3582 1351 3647 Malmcs-

302 3684 414 3762 buriae,
438 3689 472 3748 et
494 3683 642 3769 ejusdem
666 3683 730 3749 loci
753 3687 945 3759 conventus,
980 3684 1135 3768 ceria[m]
1158 3684 1286 3748 domini
1310 3685 1351 3748 H.

303 3786 343 3850 de
361 3785 465 3861 Boun,
489 3785 619 3851 comitis
642 3784 856 3862 Herelbrdiae,
879 3785 921 3849 de
943 3783 1121 3850 donatione
1153 3785 1352 3850 decimarum

302 3888 343 3952 de
365 3887 529 3954 dominico
553 3908 612 3951 suo
633 3887 675 3952 de
698 3887 729 3950 N
734 3909 797 3952 ovc
819 3885 916 3964 Villa
939 3887 980 3952 de
996 3887 1091 3953 feodo
1114 3887 1155 3952 de
1171 3887 1353 3964 Ksldicote,

303 3993 338 4053 et
369 3987 516 4074 Philippi
549 3988 668 4054 Martel
707 3988 747 4054 de
786 3988 943 4074 pensione
980 4010 1093 4054 annua
1132 3996 1258 4076 septem
1296 3991 1353 4056 sol.

303 4092 435 4156 nomine
471 4090 672 4156 decimarum
699 4091 741 4156 de
763 4091 927 4156 dominico
961 4113 1021 4157 suo
1054 4093 1095 4156 de
1132 4092 1353 4180 Lemihsngel,

304 4193 347 4258 ab
369 4215 407 4258 eo
430 4192 488 4278 qui
510 4192 617 4259 dictas
632 4192 775 4258 decimes
798 4215 857 4279 pro
881 4199 1026 4279 tempore
1049 4193 1211 4272 habuerit,
1234 4196 1355 4282 imper-

305 4303 442 4381 petuum
476 4297 517 4362 ed
552 4297 674 4362 festum
708 4297 823 4364 Sancti
854 4296 1024 4362 Michaelis
1065 4299 1283 4384 percipienda,
1321 4315 1355 4366 et

306 4397 415 4464 Lucire
439 4397 480 4463 de
503 4397 685 4463 Hereforde
708 4398 749 4463 de
772 4398 949 4464 donatione
972 4399 1173 4466 decimarum
1196 4401 1236 4467 de
1252 4403 1355 4468 domi-

306 4499 379 4566 nico
401 4522 462 4566 suo
484 4500 526 4565 de
552 4500 712 4586 praedicte
734 4499 834 4566 Nova
855 4499 961 4566 Villa:
983 4523 1112 4568 necnon
1135 4508 1170 4568 et
1185 4505 1356 4571 confirma·

306 4602 432 4668 tionem
455 4602 654 4668 venerabilis
677 4601 791 4668 fratris
815 4603 857 4668 H.
882 4603 947 4689 pise
981 4607 1156 4683 memoriae,
1180 4609 1357 4694 praedeces-

708 4825 714 4858 ¹
733 4834 834 4877 sacreum
846 4825 872 4876 in
884 4829 943 4880 MS.
