3578 5808
443 865 506 928 102
695 877 893 928 nrcrsruuu
916 875 1241 928 umursaurrsnsu.

442 1070 596 1147 serviciis,
628 1069 734 1146 sectis,
759 1069 909 1154 querelis,
943 1075 979 1134 et
1012 1069 1192 1134 demendis.
1255 1067 1325 1156 Ego
1358 1089 1437 1134 vero
1460 1073 1494 1133 et

443 1171 602 1258 assignati
636 1172 702 1236 mei
739 1176 894 1236 tenemur
927 1171 1152 1248 warantizare,
1185 1174 1407 1248 manutenere,
1439 1191 1493 1259 ac·

443 1275 591 1360 quietare
607 1279 641 1338 et
656 1273 830 1340 defendere
853 1275 964 1340 omnia
986 1273 1233 1360 praenominata,
1248 1293 1324 1338 cum
1347 1271 1499 1337 omnibus

443 1377 539 1463 plene
561 1377 773 1464 pertinentiis
794 1377 863 1442 suis
895 1377 1173 1464 perpraedictum
1207 1376 1392 1452 servicium,
1415 1396 1499 1460 prae-

444 1479 541 1546 dictae
580 1480 755 1546 Oristianae
790 1485 825 1545 et
857 1479 1034 1546 heredibus
1057 1481 1134 1558 suis,
1157 1485 1192 1546 et
1223 1478 1399 1566 assignatis
1431 1478 1500 1542 suis

444 1584 569 1670 ubique
592 1589 627 1649 et
649 1583 903 1669 imperpetuum,
925 1588 1042 1648 contra
1064 1605 1177 1649 ornnes
1199 1587 1323 1669 gentes.

405 1733 412 1738 -
490 1686 536 1750 Et
558 1691 598 1751 ut
628 1687 700 1753 haec
733 1707 806 1752 mea
828 1687 971 1763 donatio,
1005 1687 1180 1764 concessio,
1213 1691 1248 1751 et
1282 1684 1497 1761 confirmatio,

445 1795 519 1854 rata
550 1794 585 1854 et
625 1789 754 1855 stabilis
791 1790 1008 1874 imposterum
1049 1792 1246 1875 perseveret,
1284 1787 1498 1874 impressione

445 1892 546 1978 sigilli
583 1893 648 1958 mei
685 1898 883 1979 praesentem
915 1897 1039 1958 cartam
1062 1891 1235 1982 ‘roboravi
1296 1889 1374 1954 Hiis
1405 1889 1500 1955 testi-

445 1994 516 2059 bus.

850 2219 928 2285 om.
953 2217 1077 2285 CCXL.

452 2371 556 2440 Curta
576 2373 752 2440 Joluanls
773 2373 802 2437 le
818 2372 914 2438 Roas
932 2373 1030 2458 suctu
1048 2371 1208 2439 Jobuuua'
1224 2371 1263 2437 da
1280 2371 1495 2438 Transcuctes.

495 2527 610 2594 Sciant
639 2531 817 2612 praesentes
841 2530 875 2590 et
912 2525 1018 2590 futuri
1052 2524 1112 2591 has
1144 2525 1273 2591 litteras
1308 2526 1412 2590 visuri
1446 2525 1500 2590 vel

293 2619 357 2652 ⁸¹¹¹·
450 2628 607 2704 audituri,
630 2628 718 2712 quod
752 2648 811 2713 ego
834 2625 1003 2692 Johannes
1025 2626 1056 2691 le
1080 2627 1150 2692 Rus
1184 2627 1225 2692 de
1249 2627 1393 2714 Raggele
1415 2627 1501 2703 dedi,

450 2730 601 2806 concessi,
617 2735 652 2794 et
673 2729 736 2794 hac
758 2729 915 2815 presenti
939 2734 1030 2794 carta
1044 2749 1118 2794 mea
1140 2729 1332 2795 confirmavi
1355 2727 1501 2794 Johanni

451 2833 491 2898 de
515 2833 718 2898 Treminetes
740 2837 849 2898 totum
872 2831 1040 2897 redditum
1055 2853 1166 2897 meum
1189 2853 1286 2918 quem
1303 2831 1501 2917 Gylebertus

451 2937 493 3001 de
515 2935 687 3000 Finemore
711 2935 794 2998 mihi
816 2935 991 3000 annuatim
1015 2935 1151 3000 reddere
1175 2934 1310 3011 solebat,
1333 2955 1392 3020 pro
1414 2939 1502 2999 terre

450 3039 539 3126 apud
562 3037 773 3114 Blakelande,
797 3059 896 3122 quam
920 3037 960 3102 de
983 3059 1036 3102 me
1066 3038 1184 3114 tenuit,
1208 3042 1242 3102 et
1265 3037 1305 3102 de
1327 3037 1502 3102 heredibus

451 3141 533 3206 meis
555 3144 667 3204 tenere
683 3137 817 3216 debuit3
840 3137 1002 3216 videlicet,
1018 3138 1164 3224 quinque
1180 3138 1301 3204 solidos
1316 3137 1358 3203 ad
1381 3138 1503 3204 festum

451 3244 565 3310 Sancti
598 3240 777 3318 Michaelis,
800 3247 835 3306 et
857 3242 1002 3327 quinque
1026 3240 1146 3307 solidos
1168 3241 1212 3307 ad
1245 3240 1366 3307 festum
1390 3240 1502 3307 Beatae

450 3345 565 3410 Mariae
580 3343 728 3430 Virginis
742 3345 779 3407 in
795 3341 924 3421 Martio,
939 3363 1014 3408 eum
1029 3343 1119 3408 omni
1142 3341 1280 3408 servicio
1294 3346 1329 3408 et
1343 3341 1505 3429 homagio,

453 3452 487 3512 et
510 3447 599 3512 omni
618 3445 694 3530 jura
728 3445 764 3508 in
798 3445 942 3520 eseaetis,
964 3444 1001 3508 in
1022 3443 1155 3509 releviis
1178 3449 1213 3509 et
1234 3444 1271 3508 in
1295 3444 1435 3523 wardis;
1469 3448 1504 3509 et

454 3554 562 3615 totum
586 3547 752 3624 elamium‚
777 3547 864 3632 quod
887 3546 970 3611 mihi
992 3552 1027 3612 et
1049 3545 1224 3612 heredibus
1247 3547 1329 3611 meis
1351 3547 1503 3632 pertinet,

454 3651 508 3718 vel
539 3652 702 3739 pertinere
725 3650 845 3736 possit:
888 3649 1088 3714 Habendum
1120 3654 1155 3714 et
1185 3649 1366 3714 tenendum
1398 3650 1504 3714 eidem

454 3755 477 3820 J
477 3755 600 3821 ohanni
624 3753 663 3819 de
686 3754 885 3830 Tremnetes,
902 3758 936 3818 et
950 3751 1125 3818 heredibus
1149 3752 1226 3830 suis,
1242 3751 1297 3816 vel
1311 3752 1504 3838 cuicumque

455 3858 532 3924 dare
555 3857 609 3922 vel
631 3857 809 3942 assignare,
834 3855 976 3920 vendere
1002 3855 1056 3919 vel
1090 3855 1198 3942 legare
1222 3853 1373 3932 voluerit,
1403 3854 1504 3921 libere

454 3971 489 4030 et
511 3965 632 4052 quiete,
655 3963 738 4028 bene
761 3966 797 4026 et
828 3962 864 4026 in
887 3983 975 4047 pace,
1004 3961 1080 4045 jure
1103 3960 1311 4028 hereditario.
1357 3961 1420 4028 Pro
1442 3961 1505 4028 hac

454 4076 565 4134 autem
604 4067 790 4142 donatione,
825 4064 1029 4131 concessione
1065 4069 1099 4130 et
1130 4064 1230 4151 hujus
1253 4069 1354 4131 cartre
1388 4066 1504 4132 confir·

453 4171 609 4247 matione,
647 4169 740 4234 dedit
772 4167 855 4231 mihi
883 4167 991 4232 dictus
1014 4165 1183 4232 Johannes
1218 4174 1352 4234 centum
1384 4167 1505 4234 solidos

453 4273 687 4359 sterlingorum
721 4291 789 4357 prae
821 4269 982 4335 manibus.
1045 4269 1090 4335 Et
1124 4291 1184 4356 ego
1207 4275 1242 4334 et
1272 4269 1409 4337 heredes
1440 4271 1505 4336 mei

452 4376 742 4443 warantizabimus
765 4375 903 4462 praefato
926 4373 1071 4440 Johanni
1096 4379 1130 4439 et
1152 4373 1328 4440 heredibus
1351 4375 1428 4452 suis,
1451 4373 1505 4441 vel

452 4479 521 4544 suis
557 4477 743 4565 assignatis,
776 4477 829 4542 vel
869 4478 1053 4562 cuicunque
1091 4476 1178 4554 dare,
1215 4476 1391 4564 assignare,
1426 4497 1506 4542 von-

453 4582 539 4658 dere,
577 4580 631 4646 vel
669 4580 778 4666 legare
809 4579 962 4657 voluerit,
995 4579 1190 4664 praedictum
1225 4579 1393 4645 redditum
1430 4599 1506 4647 cum

453 4684 606 4750 omnibus
653 4683 865 4770 pertinentiis
903 4687 1019 4750 contra
1056 4704 1168 4749 omnes
1206 4681 1359 4752 homines
1389 4688 1424 4749 et
1460 4684 1506 4750 fe·

376 4843 378 4847 .
452 4789 567 4854 minas.
