3526 5810
457 892 520 953 236
709 905 906 954 nuomrnuu
932 907 1253 956 nanumnunlsrss.

455 1090 568 1158 chasia
590 1092 633 1157 ad
656 1093 769 1157 averia
790 1092 937 1178 fuganda
957 1098 992 1158 et
1014 1113 1129 1157 currus
1152 1097 1187 1157 et
1208 1097 1351 1158 careotas
1383 1093 1504 1159 dueen-

456 1193 522 1258 das.
568 1195 631 1260 Pro
666 1194 726 1260 hae
758 1200 870 1260 autem
901 1195 1092 1260 remissione
1114 1200 1149 1260 et
1181 1195 1294 1280 quieta
1327 1195 1505 1261 clamantia

456 1318 530 1362 mea
552 1297 715 1388 dederunt
737 1297 819 1362 mihi
843 1297 992 1384 praedicti
1014 1298 1118 1363 abbas
1150 1303 1185 1363 et
1219 1304 1403 1364 conventus
1437 1304 1504 1364 tres

455 1421 547 1464 aeras
571 1405 605 1465 at
626 1422 729 1465 unam
752 1399 935 1486 pertieham
958 1405 1056 1465 terrae
1078 1401 1114 1464 in
1138 1401 1262 1487 eampis
1296 1401 1337 1465 de
1371 1399 1504 1466 Cherle-

454 1507 541 1580 tone,
564 1508 663 1588 prout
685 1503 722 1566 in
745 1508 835 1568 carta
850 1503 1012 1568 dictorum
1028 1503 1158 1567 abbatis
1174 1507 1209 1567 et
1223 1509 1405 1568 conventus
1420 1503 1502 1567 mihi

456 1606 604 1672 confecta
626 1605 757 1692 plenius
780 1605 977 1670 continetur.
1024 1605 1069 1669 Et
1091 1606 1126 1670 in
1148 1605 1377 1671 testimonium
1403 1606 1503 1690 hujus

454 1707 655 1772 remissionis
687 1713 722 1771 et
759 1707 881 1792 quietae
918 1707 1106 1772 clamantia
1139 1729 1220 1772 meas
1252 1706 1314 1773 hoe
1344 1709 1503 1794 seriptum

457 1810 580 1874 eisdem
603 1810 718 1875 abbati
741 1815 775 1874 et
809 1809 989 1875 conventui
1021 1809 1091 1887 feei,
1116 1816 1150 1875 et
1173 1810 1257 1874 illud
1289 1810 1398 1897 sigillo
1430 1833 1503 1876 meo

455 1911 593 1998 signavi.
639 1911 716 1976 Hiis
748 1910 899 1987 testibus,
924 1911 1066 1975 dominis
1088 1910 1242 1976 Johanne
1276 1911 1441 1977 Mauduth
1469 1919 1504 1978 et

457 2012 606 2078 Galfrido
628 2013 669 2078 de
692 2012 804 2088 Morle,
828 2011 1000 2092 militibus,
1016 2013 1039 2077 ,J
1041 2011 1171 2077 ohanne
1187 2013 1228 2076 de
1244 2013 1502 2098 Hanekyntone,

454 2116 599 2181 Henrioo
629 2115 659 2180 le
692 2114 786 2199 Seay,
819 2115 946 2180 Thema
972 2115 1112 2193 Soolaoe,
1147 2114 1313 2180 Willelmo
1344 2116 1385 2180 de
1418 2116 1501 2181 The-

456 2217 665 2304 thingedone‚
689 2217 833 2282 Roberto
857 2217 1022 2293 Calstone,
1046 2222 1080 2282 et
1103 2215 1323 2282 multis'aliis.

892 2454 940 2518 Da
962 2454 1078 2520 eodem.

456 2595 578 2680 Quieta
600 2594 789 2663 chomatis
811 2595 968 2764 Arnpggp
990 2595 1030 2661 de
1052 2595 1146 2682 Pyro
1173 2595 1213 2662 de
1243 2596 1311 2662 solo
1334 2595 1374 2662 de
1404 2595 1500 2680 Myd-

961 2704 1059 2764 noste.

287 2855 437 2918 Quitelaim
498 2840 614 2906 Sciant
647 2844 826 2926 praesentes
860 2843 895 2904 et
927 2838 1036 2902 futuri
1070 2838 1158 2923 quod
1188 2859 1249 2924 ego
1271 2837 1437 2902 Arnaldus
1459 2838 1499 2902 de

286 2923 367 2974 (ΜΘ
453 2945 541 3030 Pyro
564 2943 604 3008 de
627 2940 824 3007 Oherletona
845 2939 958 3005 remisi
973 2946 1008 3005 et
1022 2940 1172 3025 quietum
1195 2939 1344 3017 clamavi,
1367 2960 1425 3025 pro
1448 2961 1500 3004 me

285 3005 362 3042 me·
453 3053 488 3112 et
509 3067 569 3133 pro
591 3044 766 3110 heredibus
789 3043 871 3108 meis
894 3047 928 3107 et
961 3042 1062 3106 etiam
1095 3041 1286 3107 hominibus
1316 3041 1405 3119 meis,
1429 3041 1499 3107 Deo

453 3157 487 3216 et
510 3148 653 3215 eoelesiae
676 3147 772 3212 Beati
794 3145 939 3211 Aldelmi
962 3145 1003 3210 de
1026 3144 1269 3222 Malmesburia,
1302 3150 1336 3210 at
1367 3144 1498 3210 domino

453 3251 619 3316 Willelmo
641 3248 763 3325 abbati,
787 3252 821 3313 et
843 3246 1012 3312 monachis
1035 3246 1160 3311 ibidem
1175 3246 1247 3310 Deo
1271 3246 1498 3323 servientibus,

453 3361 562 3421 totum
593 3353 649 3439 jus
684 3351 719 3416 et
752 3349 908 3415 elamium
940 3353 975 3413 et
1008 3354 1116 3413 totam
1155 3370 1362 3414 communem
1399 3370 1498 3433 quam

452 3457 592 3524 clamavi
607 3454 727 3520 habere
751 3453 787 3516 in
811 3451 879 3516 solo
901 3451 959 3515 illo
981 3451 1018 3516 in
1041 3451 1237 3516 Cherletone
1252 3452 1340 3536 quod
1363 3457 1499 3517 vocatur

453 3557 713 3645 Myddelhurste,
735 3555 779 3620 ab
801 3552 995 3618 occidentali
1018 3551 1140 3638 angulo
1167 3551 1281 3618 oroftae
1304 3552 1424 3638 Rogeri
1459 3553 1498 3617 de

452 3661 649 3743 Radeweye,
671 3677 775 3741 usque
791 3655 835 3720 ad
849 3653 995 3717 rivulum
1012 3653 1069 3738 qui
1086 3653 1180 3718 venit
1195 3653 1235 3718 de
1252 3652 1498 3742 Swetenhegge,

330 3747 339 3770 ’
452 3768 486 3828 et
509 3762 555 3827 sie
577 3782 635 3846 per
657 3757 802 3822 rivulum
826 3755 921 3820 illum
945 3777 1048 3840 usque
1071 3755 1114 3820 ad
1137 3755 1295 3821 fossatum
1319 3758 1425 3842 campi
1458 3757 1499 3822 de

453 3863 647 3932 Cherletone
680 3860 737 3945 qui
769 3863 906 3924 vocatur
938 3856 1163 3934 Holdedoune‚
1187 3863 1222 3921 et
1253 3857 1300 3923 sie
1333 3857 1498 3923 afossato

451 3969 509 4033 illo
532 3987 636 4052 usque
658 3964 702 4030 ad
724 3963 760 4029 lu
789 3960 992 4028 Wodobreclw
1004 3985 1015 4040 ;
1038 3961 1088 4025 ita
1115 3961 1230 4046 [quod]
1265 3982 1325 4026 nee
1356 3983 1416 4046 ego
1438 3983 1498 4027 neo

450 4070 570 4156 aliquis
593 4067 750 4134 heredum
774 4086 919 4130 meorum
942 4063 996 4128 vel
1018 4063 1258 4149 assignatorum
1273 4084 1427 4140 meorum,
1444 4065 1498 4129 vel

354 4211 358 4222 ·
450 4175 551 4239 etiam
574 4171 745 4237 hominum
768 4188 924 4243 meorum,
946 4165 1081 4251 aliquod
1110 4166 1167 4252 jus
1190 4165 1244 4230 vel
1266 4165 1420 4230 clamium
1445 4167 1498 4232 vel

450 4276 596 4360 aliquam
620 4291 827 4338 commnnam
849 4270 885 4333 in
908 4267 1065 4354 praedicto
1088 4268 1165 4345 solo,
1188 4272 1248 4332 aut
1266 4267 1344 4332 loeis
1360 4269 1493 4355 praedie-

450 4379 495 4443 tis
518 4381 617 4464 prout
639 4374 789 4460 superius
812 4377 863 4437 est
885 4391 1083 4456 expressum,
1100 4369 1211 4454 aliquo
1234 4375 1379 4456 tempore
1402 4372 1498 4437 nobis

450 4482 580 4566 exigere
606 4479 660 4543 vel
697 4475 871 4541 vendioare
905 4473 1066 4558 possimus
1100 4473 1348 4557 imperpetuum.
1397 4473 1499 4540 Solva

451 4590 564 4650 tamen
586 4579 669 4644 mihi
692 4583 727 4644 et
752 4575 928 4642 heredibus
954 4575 1036 4639 meis
1059 4579 1093 4638 et
1125 4572 1313 4639 hominibus
1345 4576 1426 4640 meis
1461 4577 1498 4640 in

450 4692 591 4772 utraque
614 4687 707 4769 parte
730 4678 791 4744 soli
813 4677 972 4766 praedicti,
995 4675 1170 4741 sufficienti
1193 4676 1306 4742 ehaeia
1319 4677 1362 4742 ad
1384 4679 1496 4744 averia

450 4789 603 4875 fuganda,
626 4791 661 4851 et
682 4803 796 4849 eunus
819 4787 853 4846 et
875 4787 1018 4847 careotas
1040 4778 1212 4844 dueendas.
1261 4779 1305 4844 Et
1336 4780 1372 4845 in
1403 4783 1496 4846 testi-
