3566 5820
405 859 470 926 204
658 875 854 924 uuersreuru
878 873 1200 924 usurirssuureusa

402 1059 573 1126 eoncordia
595 1065 629 1125 et
651 1081 717 1146 pax
740 1061 827 1128 inter
848 1066 958 1147 paries
981 1063 1180 1138 observetur,
1196 1061 1276 1128 dieii
1299 1061 1400 1126 abbas
1415 1065 1450 1125 ei

403 1167 594 1239 convertur,
618 1169 652 1227 ei
684 1163 793 1228 dietus
815 1162 989 1251 Philippus
1012 1165 1230 1251 praesentibus
1252 1165 1382 1250 scriptis
1404 1164 1449 1230 ad

403 1265 537 1330 modum
583 1266 777 1354 cyrographi
814 1268 970 1334 confectis
1018 1268 1127 1356 sigilla
1164 1290 1224 1334 sua
1259 1267 1449 1334 alternatim

403 1373 635 1454 apposuerunt.
689 1375 691 1380 '

749 1587 827 1654 Chr.
852 1587 1102 1654 COOXXXIII.

405 1735 607 1824 Omnpositio
629 1738 721 1806 iuter·
743 1739 893 1808 abbatem
918 1747 947 1808 et
972 1748 1173 1808 conventum
1199 1738 1449 1808 Muluwsbuu'u

493 1853 522 1910 et
544 1846 737 1913 Hermaeum
764 1847 803 1914 de
826 1847 930 1914 Cerere
961 1847 1000 1914 de
1022 1849 1081 1916 viu
1110 1847 1264 1916 ludenda
1293 1847 1340 1914 ad
1363 1847 1449 1934 seua

492 1970 558 2015 suu
579 1949 758 2016 sarienda.

237 2091 363 2208 Tdnetm
448 2088 614 2154 Noverini
647 2090 795 2156 universi
833 2090 922 2178 quod
958 2113 1033 2158 eum
1072 2091 1222 2179 quolibet
1259 2111 1346 2156 anno
1383 2111 1449 2176 quo

237 2167 312 2275 {1⁹1ss
324 2225 390 2276 Heu
403 2211 536 2276 campus
565 2191 605 2256 de
638 2191 788 2271 Suthone
813 2193 870 2277 qui
894 2195 1010 2258 estin
1030 2199 1124 2280 parte
1154 2193 1291 2258 australi
1315 2191 1450 2270 semitae,

236 2293 267 2341 de
262 2292 360 2424 chne
347 2309 476 2378 equae
504 2294 635 2379 jacet]
629 2293 721 2360 iuria
744 2295 978 2374 Waieresdich,
1010 2297 1112 2362 fuerit
1134 2297 1331 2374 inbladatus,
1362 2295 1450 2360 inter

235 2375 311 2542 ἔξω
313 2426 378 2544 ffid.
403 2399 584 2570 geminum
597 2393 814 2467 Willelmum
832 2403 986 2574 ιὼὲιιϊθηι
1010 2408 1044 2468 et
1066 2409 1265 2470 conventum
1298 2402 1449 2576 Magmes-

425 2529 514 2585 unae,
538 2529 580 2572 ex
603 2513 696 2594 paris
719 2530 794 2586 uua
818 2513 852 2574 eh
898 2531 1044 2574 ommum
1077 2510 1257 2576 Henrieum
1281 2510 1322 2574 de
1374 2531 1449 2574 eme

403 2630 446 2674 ex
468 2609 580 2687 altera,
604 2609 645 2674 lis
668 2631 736 2675 esse
759 2609 886 2676 solebat
908 2617 943 2676 et
965 2613 1141 2690 eontentio,
1165 2612 1205 2677 de
1228 2611 1372 2699 quadam
1394 2611 1450 2676 via

403 2735 502 2798 quam
526 2713 613 2778 idem
638 2713 802 2780 Henrieus
824 2715 936 2801 exegit
958 2715 1046 2781 ultra
1069 2737 1221 2802 eampum
1244 2715 1285 2780 de
1308 2713 1450 2782 Suetone

402 2817 444 2882 ad
466 2815 542 2880 fena
565 2837 625 2880 sua
647 2816 802 2882 earianda
832 2816 872 2881 de
894 2823 990 2904 prato
1021 2839 1080 2883 suo
1096 2819 1137 2883 de
1159 2818 1282 2884 Avene.
1322 2817 1387 2882 Sed
1411 2820 1450 2882 ut

403 2919 508 2983 omnis
540 2917 581 2983 lis
613 2941 726 3005 paoem
757 2924 889 3006 caperet
923 2925 958 2984 et
977 2904 1143 3006 'quietem
1170 2921 1251 2986 dieti
1282 2918 1384 2985 abbas
1416 2924 1450 2984 et

401 3027 583 3087 conventus
606 3029 835 3088 concesserunt
865 3023 1024 3110 praediete
1052 3023 1196 3089 Henrieo
1218 3028 1254 3089 ei
1275 3022 1449 3088 heredibus

401 3125 478 3202 suis,
512 3125 601 3211 quod
635 3147 710 3191 eum
741 3147 876 3212 campus
913 3127 950 3190 in
986 3127 1124 3192 australi
1158 3132 1251 3213 par-ie
1283 3126 1450 3212 praedieiae

401 3229 528 3293 semitae
551 3226 653 3293 fuerit
675 3227 873 3306 inbladatus
890 3228 978 3314 quod
1001 3227 1091 3293 idem
1114 3228 1279 3295 Henrieus
1302 3234 1336 3295 et
1358 3228 1451 3294 here·

401 3331 458 3396 des
490 3331 542 3396 sui
573 3331 718 3396 habeant
749 3330 869 3396 abilem
900 3331 990 3396 viam
1020 3331 1064 3396 ad
1093 3331 1169 3398 fena
1203 3354 1262 3397 sua
1296 3331 1450 3398 sarienda

341 3466 346 3478 ·
401 3454 475 3499 eum
506 3433 642 3500 carectis
673 3439 707 3498 ei
729 3433 828 3498 carris
861 3433 950 3498 ultra
980 3454 1133 3520 eampum
1165 3434 1206 3499 de
1238 3435 1381 3501 Sutione
1414 3433 1449 3498 in

401 3541 494 3622 parte
520 3535 664 3602 boreali:
687 3536 818 3613 scilieet„
842 3536 931 3622 quod
961 3535 1129 3602 ineundo
1162 3537 1202 3602 de
1233 3537 1379 3604 manerio
1410 3537 1450 3603 de

295 3637 298 3646 '
402 3639 572 3723 Dreyeote
589 3638 695 3724 primo
711 3639 838 3704 intrent
855 3660 913 3724 per
928 3638 1093 3724 quoddam
1113 3639 1281 3718 fossatum,
1297 3641 1385 3726 quod
1401 3643 1450 3706 esi

396 3744 498 3828 juxta
531 3741 651 3827 hayam
687 3741 822 3806 Roberhi
854 3739 894 3805 de
920 3740 953 3806 la
975 3741 1068 3807 Boxe
1099 3747 1133 3806 et
1156 3743 1304 3808 Matildis
1327 3743 1449 3822 Fouke,

401 3867 497 3932 super
528 3850 650 3910 terram
685 3843 799 3908 Alieiae
830 3840 1015 3921 Wodekok,
1048 3847 1083 3908 ei
1117 3843 1165 3910 sic
1198 3867 1297 3931 super
1329 3850 1449 3912 terram

401 3947 575 4034 Reginaldi
598 3947 628 4011 le
652 3945 791 4011 Paumer
812 3949 847 4010 et
869 3943 1027 4010 Willelmi
1050 3944 1209 4010 Godwine
1236 3945 1277 4011 de
1301 3945 1449 4026 Suiiune,

401 4073 458 4137 per
480 4051 602 4138 heyam
633 4049 782 4136 praedieii
809 4048 946 4114 Roberhi
969 4048 1010 4113 de
1033 4047 1066 4114 la
1088 4049 1179 4114 Boxe
1202 4050 1239 4114 in
1261 4057 1354 4136 perte
1376 4073 1450 4118 aus·

401 4153 502 4232 traii3
554 4159 588 4218 et
625 4153 671 4219 sie
705 4151 910 4217 ascendendo
948 4173 1047 4238 super
1084 4157 1206 4217 terram
1244 4151 1448 4240 Wymarkye

402 4255 534 4342 Soppea
559 4259 593 4320 et
615 4257 661 4321 sie
683 4276 786 4340 usque
808 4255 987 4340 Rigweye3
1018 4259 1052 4319 ei
1075 4253 1115 4320 de
1139 4254 1298 4341 Rigweye
1328 4255 1449 4322 directe

401 4381 504 4444 usque
528 4357 734 4442 Brodeweye,
759 4363 793 4422 ei
823 4358 870 4423 sie
899 4379 1002 4443 usque
1025 4355 1258 4435 Waheresdich
1282 4362 1317 4423 eh
1339 4359 1385 4426 sie
1406 4359 1450 4424 ad

401 4466 533 4549 pratum
557 4482 660 4524 suum.
705 4458 943 4526 Coneesserunh
963 4459 1064 4525 eiiam
1087 4459 1188 4526 iidem
1205 4461 1308 4526 abhas
1325 4468 1361 4526 et
1375 4483 1450 4530 eon·

402 4568 522 4630 venius
543 4561 702 4650 praedieto
722 4561 867 4627 Henrieo
890 4567 925 4626 et
947 4560 1124 4627 heredibus
1147 4563 1214 4628 suis
1236 4563 1449 4630 sufficientem

401 4667 548 4733 uhaeiam
570 4687 645 4731 cum
667 4663 786 4729 averiis
808 4663 877 4728 suis
899 4665 943 4730 ad
964 4669 1061 4751 prata
1088 4685 1148 4730 sua
1170 4665 1373 4752 depascenda
1393 4689 1451 4754 per

400 4769 596 4856 praedictum
622 4767 780 4834 fossatum
813 4771 1053 4852 superterram
1079 4767 1195 4833 Aiieiee
1218 4767 1393 4848 Wodeaok,
1416 4773 1450 4834 et
