3566 5820
562 925 760 975 nnmsmuu
785 925 1110 974 usuunseummsn.
1300 909 1365 972 119

689 1141 768 1208 CAP.
794 1140 977 1209 OOLXIII.

305 1293 427 1376 Quieta
450 1293 642 1360 clamantia
663 1294 703 1358 de
731 1293 870 1380 saboim
891 1300 986 1359 entra
1014 1301 1152 1380 portum
1174 1293 1361 1359 occidenta-

602 1397 667 1464 tem
688 1397 781 1462 vttloe
803 1397 1064 1463 Mulmeeteuice.

346 1547 462 1616 Sciant
493 1553 669 1635 presentes
704 1553 738 1613 et
772 1550 877 1614 futuri
901 1549 989 1635 quod
1013 1572 1072 1636 ego
1096 1549 1246 1626 Thomas,
1270 1549 1358 1614 filius
1372 1552 1522 1613 Quitclaim

302 1649 435 1715 Riesrdi
458 1650 499 1714 de
522 1650 609 1715 Albo
632 1649 840 1728 Monusterio‚
857 1651 966 1714 remisi
991 1657 1025 1715 et
1048 1651 1196 1735 quietum
1220 1651 1359 1716 clamavi
1373 1621 1512 1686 ⁰s²⁵h⁰¹²'

302 1773 361 1837 pro
384 1773 435 1816 me
459 1758 493 1817 et
515 1773 574 1838 pro
596 1750 771 1816 heredibus
799 1752 888 1828 meis,
913 1752 1055 1816 dominis
1078 1754 1167 1828 meis,
1189 1751 1303 1817 abbati
1326 1759 1360 1816 et
1373 1750 1391 1799 f.
1403 1755 1461 1800 208.

301 1853 479 1918 conventui
514 1851 766 1929 Melmesburiae,
790 1857 899 1916 totum
927 1853 985 1936 jus
1019 1859 1054 1917 et
1086 1852 1240 1918 clemium
1272 1853 1360 1938 quod

302 1954 403 2019 hebui
439 1955 491 2019 vel
523 1955 642 2020 habere
677 1955 779 2041 potui,
803 1956 839 2018 in
870 1953 928 2018 iila
950 1955 1074 2020 fabrica
1096 1977 1169 2020 eum
1193 1956 1361 2041 pertinen-

301 2057 367 2132 tiis,
398 2062 495 2121 extre
527 2061 662 2141 portem
706 2055 942 2120 occidentalem
981 2055 1069 2120 villae
1108 2056 1357 2134 Mnlmesburiae,

304 2180 377 2243 quse
408 2157 475 2223 fuit
508 2157 687 2243 aliquando
710 2158 847 2222 Henriei
871 2157 1053 2223 Maresealli
1065 2183 1072 2236 ;
1110 2160 1159 2223 ite
1189 2159 1277 2244 quod
1300 2181 1360 2225 nee

303 2281 362 2346 ego
393 2281 454 2326 nec
490 2259 611 2345 aliquis
648 2259 805 2325 heredum
844 2259 897 2325 vel
936 2261 1175 2346 assignatorum
1213 2283 1359 2352 meqrum

303 2363 429 2448 aliquid
457 2362 542 2446 juris
577 2361 630 2426 vel
665 2361 774 2428 elamii
805 2363 842 2425 in
869 2363 982 2428 eadem
1005 2361 1138 2439 fabrica,
1161 2384 1234 2427 cum
1259 2367 1360 2449 perti·

304 2465 435 2540 nentiis,
457 2464 568 2548 aliquo
600 2470 748 2550 tempore
780 2464 875 2528 nobis
902 2463 1075 2528 vendicare
1100 2465 1267 2550 possimus
1316 2466 1360 2530 Et

304 2567 461 2651 inhujus
484 2567 684 2631 remissionis
708 2572 742 2630 et
765 2567 886 2651 quietae
911 2565 1095 2632 clamantiae
1122 2568 1357 2646 testimonium,

304 2671 365 2734 hoe
387 2669 546 2756 seriptum
570 2669 692 2734 eisdem
716 2669 830 2733 abbati
855 2673 889 2732 et
911 2669 1089 2733 conventui
1112 2668 1182 2746 feei,
1199 2675 1233 2734 et
1252 2668 1359 2754 sigillo

306 2793 377 2836 meo
400 2771 539 2856 signavi.

696 2985 775 3051 One.
800 2985 968 3052 OOLIIII.

305 3137 354 3203 De
376 3147 443 3205 octo
466 3139 557 3205 ueris
579 3145 676 3204 teme
699 3146 728 3204 et
751 3127 891 3206 duabus
910 3139 1026 3226 orestis
1041 3147 1069 3204 et
1095 3139 1154 3206 tcto
1178 3147 1360 3207 tenemento

393 3239 437 3306 in
486 3239 660 3326 Weetepott
704 3241 794 3328 quod
837 3241 913 3328 suit
959 3239 1150 3328 aliquando
1206 3241 1360 3308 thtetmt

401 3343 533 3429 Wyncy.

351 3495 465 3560 Sciant
509 3505 685 3581 praeseutes
728 3500 764 3560 et
801 3495 908 3559 futuri
947 3495 1034 3580 quod
1072 3517 1132 3560 nos
1170 3497 1360 3576 NicholeuS,
1373 3507 1497 3561 Grantof

219 3679 226 3694 ι
274 3615 276 3622 ⁴
305 3596 393 3660 tilius
416 3595 574 3662 willelmi
597 3595 767 3674 Janitoris,
790 3603 824 3661 et
848 3596 972 3662 Edithe
996 3619 1079 3662 uxor
1102 3619 1183 3676 mea,
1199 3599 1358 3679 dedimus,
1371 3575 1528 3693 fflssffi

306 3699 530 3776 eoncessimus
553 3704 587 3765 et
621 3700 683 3764 hee
716 3699 871 3784 praesenti
906 3705 996 3764 cartu
1019 3706 1131 3764 nostre
1153 3700 1358 3767 confirmavi-
1372 3707 1477 3759 mantin

307 3821 386 3877 mus,
409 3799 481 3864 Deo
509 3805 543 3864 et
577 3799 719 3864 eeclesiae
742 3799 838 3864 Beati
862 3798 1030 3865 Aldhelmi
1053 3803 1093 3864 de
1118 3775 1510 3880 Malmesbuua,w⁰⁸‘¹'⁰“·

306 3908 340 3966 et
362 3901 527 3968 Willelmo
550 3901 664 3967 abbati
687 3907 722 3966 et
753 3900 922 3966 monachis
945 3901 1068 3966 ibidem
1092 3903 1162 3968 Deo
1186 3905 1380 3970 servienti-¹

306 4005 376 4081 bus,
410 4003 484 4068 illes
517 4007 591 4068 octo
629 4024 720 4068 acras
751 4008 857 4079 terrae,
889 4025 962 4066 cum
1002 4003 1129 4068 duabus
1167 4006 1287 4083 eruitis,
1326 4014 1361 4072 et

305 4105 457 4170 omnibus
488 4105 562 4170 aliis
584 4104 794 4190 pertinentiis
818 4106 894 4181 suis,
916 4125 998 4188 ques
1021 4105 1203 4171 Nicholeus
1227 4107 1361 4193 Cumyn

306 4205 471 4272 Willelmo
516 4205 647 4291 Wyney
685 4206 786 4282 dedit,
824 4212 859 4270 et
904 4211 994 4270 cartu
1038 4228 1098 4272 sue
1143 4208 1358 4274 confirmavit.
1462 4193 1464 4198 ¹

307 4307 532 4374 Concessimus
570 4309 670 4373 etiem
709 4309 832 4372 eisdem
870 4313 979 4373 totum
1017 4314 1245 4374 tenementum
1275 4312 1359 4378 illud

305 4412 342 4476 in
363 4411 561 4496 Westeport,
593 4411 682 4495 quod
715 4409 783 4475 fuit
817 4409 996 4495 aliquando
1026 4411 1177 4496 praedieti
1200 4412 1359 4478 Willelmi

307 4512 444 4598 Wyney,
456 4511 558 4597 juxte
580 4518 805 4577 tenementum
828 4511 987 4577 Willelmi
1008 4513 1048 4578 de
1067 4511 1361 4581 Hundlevintone:

306 4615 490 4680 habendum
526 4619 560 4679 et
594 4613 771 4680 tenendam
803 4618 908 4679 totam
941 4613 1134 4699 pnaedictem
1167 4621 1290 4682 terram
1326 4623 1361 4683 et

307 4715 435 4795 uestes,
457 4737 534 4784 eum
560 4722 748 4782 tenemento
776 4716 934 4802 praedicto
957 4724 1088 4782 etcum
1111 4718 1265 4783 omnibus
1286 4718 1362 4784 eliis

311 4819 406 4887 rebus
437 4819 478 4884 ed
514 4818 707 4905 praedietum
739 4823 861 4886 terrem
895 4825 929 4884 et
962 4819 1083 4884 croftas
1108 4820 1361 4906 pertinentibus,
