3578 5808
564 927 762 980 REGISTRUM
785 929 1107 979 MALMESBURIENSE.
1319 920 1361 984 83

309 1115 529 1203 quadraginta
566 1116 695 1194 solidos,
734 1138 815 1202 quos
853 1117 977 1182 eisdem
1022 1117 1155 1182 nomine
1192 1124 1362 1204 perpetuae

308 1220 411 1284 firmae
434 1227 596 1285 terrarum
620 1241 752 1284 suarum
769 1221 808 1284 de
832 1220 1022 1306 Hamptone
1041 1219 1363 1286 sanctimonialiuml

310 1322 350 1386 de
373 1321 528 1399 Cadamo,
550 1323 586 1387 in
610 1328 752 1408 quatuor
774 1323 924 1388 terminis
955 1322 1080 1387 solvere
1113 1329 1272 1400 tenemur,
1297 1329 1364 1387 ter·

310 1423 408 1488 minis
431 1424 573 1489 fideliter
604 1425 794 1501 observatis,
818 1425 888 1489 sine
922 1424 1046 1502 fraude,
1071 1425 1154 1500 dolo,
1178 1431 1239 1489 aut
1262 1423 1362 1490 cavil-

309 1527 439 1606 latione,
463 1529 590 1614 integre
613 1534 648 1592 et
670 1528 814 1614 plenarie
838 1528 927 1613 apud
955 1527 1224 1593 Malmesburiam
1255 1529 1363 1614 pitan-

308 1629 404 1694 tiario
434 1637 625 1707 conventus
657 1631 714 1715 qui
747 1651 806 1715 pro
829 1635 985 1714 ,tempore
1024 1629 1136 1706 fuerit,
1171 1630 1361 1695 solvemus:

308 1733 463 1798 videlicet
492 1735 528 1797 in
557 1733 643 1798 festo
675 1733 790 1798 Sancti
813 1731 984 1797 Michaelis
1015 1733 1126 1798 decem
1157 1731 1297 1811 solidos;
1328 1733 1364 1795 in

308 1836 394 1899 festo
418 1835 532 1900 Sancti
559 1835 701 1900 Andreae
729 1835 840 1900 decem
873 1833 1014 1912 solidos3
1045 1834 1081 1898 in
1108 1835 1194 1898 festo
1223 1835 1364 1898 Annun-

310 1938 460 2003 ciationis
476 1939 588 2003 Beatee
605 1938 718 2003 Marito
740 1938 851 2003 decem
867 1937 1008 2015 solidos;
1032 1937 1124 2001 etad
1140 1936 1364 2001 Nativitatem

310 2039 405 2105 Beati
427 2039 591 2105 Johannis
614 2039 775 2126 Baptistae
796 2041 910 2104 decem
934 2038 1063 2104 solidos.
1110 2039 1146 2104 Si
1168 2059 1255 2115 vero,
1277 2039 1365 2123 quod

309 2143 405 2219 absit,
436 2143 489 2208 vel
521 2142 657 2207 heredes
688 2143 754 2206 mei
784 2141 827 2206 ad
858 2141 1025 2206 laesionem
1056 2141 1135 2206 fidei
1169 2147 1298 2218 nostrae,
1331 2146 1366 2206 et

311 2249 425 2309 contra
448 2250 688 2310 sacramentum
717 2245 807 2329 quod
826 2243 1038 2330 corporaliter
1061 2243 1285 2329 praestitimus,
1308 2265 1366 2328 per

311 2367 415 2410 unum
437 2367 582 2411 mensem
605 2369 626 2411 a
652 2346 816 2411 solutione
847 2344 988 2429 alicujus
1021 2345 1156 2410 termini
1192 2345 1367 2410 cessaveri-

312 2469 393 2524 mus,
417 2447 492 2513 volo
523 2453 557 2512 et
583 2468 642 2533 pro
666 2469 718 2511 me
742 2453 776 2510 et
798 2447 974 2512 heredibus
998 2448 1080 2512 meis
1105 2447 1253 2523 concedo,
1278 2445 1366 2532 quod

313 2548 435 2613 domini
461 2551 526 2614 mei
553 2549 655 2614 abbas
678 2554 714 2613 et
735 2553 919 2614 conventus
950 2570 1010 2634 per
1031 2548 1186 2614 baillivos
1208 2569 1283 2614 suos
1306 2569 1366 2612 nos

311 2653 417 2716 artius
443 2651 653 2738 distringant,
678 2674 743 2737 per,
757 2651 876 2716 catalla
898 2657 1012 2716 nostra
1034 2651 1170 2718 mobilia
1194 2657 1228 2716 et
1251 2653 1367 2716 immo-

313 2753 393 2818 bilia
416 2776 514 2840 super
530 2760 633 2819 terras
659 2754 700 2818 de
724 2754 913 2840 Hamptone
929 2753 1075 2832 inventa,
1092 2758 1126 2818 et
1147 2755 1247 2819 etiam
1269 2775 1369 2840 super

313 2863 433 2920 terram
457 2878 564 2920 meam
581 2857 621 2920 de
638 2855 848 2922 Cuabwclle:
875 2857 923 2921 ita
946 2856 1034 2942 quod
1057 2857 1098 2920 de
1125 2855 1248 2922 eisdem
1272 2855 1369 2921 terris

313 2963 374 3023 aut
396 2957 526 3023 catallis
548 2957 676 3023 nullam
699 2957 1023 3023 administrationem
1053 2957 1174 3022 habere
1197 2958 1368 3044 possimus,

314 3061 416 3127 donec
432 3061 554 3126 eisdem
570 3061 613 3126 ad
636 3060 772 3147 plenum
795 3059 900 3125 fuerit
914 3057 1128 3124 satisfactum.
1175 3059 1230 3124 Ita
1245 3059 1369 3126 scilicet

314 3161 400 3246 quod
424 3183 482 3247 pro
498 3183 694 3248 unoquoque
718 3162 859 3227 termino
882 3163 945 3226 rite
969 3182 1037 3227 non
1052 3161 1234 3239 observato,
1258 3161 1369 3226 decem

314 3262 432 3328 solidos
467 3285 526 3350 pro
558 3263 788 3340 misericordia,
820 3283 888 3328 una
918 3283 993 3327 cum
1025 3261 1200 3348 principali
1235 3261 1369 3327 redditu

314 3365 427 3431 abbati
455 3370 490 3430 et
516 3365 697 3431 conventui
731 3365 818 3430 infra
850 3385 996 3429 mensem
1029 3363 1202 3430 solvemus.
1260 3362 1305 3428 Et
1326 3363 1369 3428 ad

315 3469 470 3554 majorem
495 3474 530 3532 et
551 3467 732 3554 pleniorem
757 3467 967 3532 securitatem
990 3488 1049 3553 pro
1070 3472 1172 3532 meet
1194 3465 1369 3532 heredibus

316 3571 404 3646 meis,
427 3569 502 3634 volo
526 3574 561 3635 et
583 3568 724 3636 concedo
750 3569 839 3654 quod
868 3569 897 3635 si
920 3568 1016 3633 firma
1039 3567 1197 3654 praedicta
1219 3568 1370 3634 terminis

315 3671 563 3758 praenominatis
586 3670 696 3736 soluta
718 3691 787 3736 non
808 3671 919 3748 fuerit,
946 3675 980 3736 et
1003 3691 1188 3756 perunum
1215 3691 1370 3747 mensem,

315 3781 355 3840 ut
376 3775 503 3842 dictum
528 3780 586 3852 est,
610 3778 686 3860 post
708 3775 866 3839 terminos
890 3779 1033 3839 statutos
1061 3773 1165 3840 dilata
1187 3773 1290 3839 fuerit
1311 3779 1371 3838 aut

316 3877 493 3954 subtracta,
516 3879 558 3942 ad
581 3877 776 3943 instantiam
809 3876 936 3941 domini
967 3876 1098 3941 abbatis
1128 3883 1162 3940 et
1187 3881 1370 3941 conventus

315 3979 414 4046 liceat
436 3979 622 4044 vicecomiti
643 3978 832 4063 Wiltesyre,
855 3980 913 4064 qui
937 4000 995 4064 pro
1019 3983 1164 4064 ternpore
1187 3977 1296 4056 fuerit,
1312 3999 1372 4064 per

316 4103 349 4148 se
372 4082 425 4148 vel
456 4102 515 4168 per
541 4081 695 4146 baillivos
726 4101 802 4147 suos
825 4080 955 4168 ingredi
978 4082 1162 4146 manerium
1193 4101 1303 4147 meum
1331 4080 1371 4146 de

317 4183 520 4268 Iavyntoue,
547 4167 594 4248 et'
611 4183 736 4248 ibidem
759 4205 818 4270 per
847 4184 959 4248 omnia
987 4181 1107 4248 catalla
1133 4203 1207 4250 mea
1237 4181 1373 4249 mobilia

318 4291 353 4350 ct
374 4285 564 4364 immobilia,
581 4286 652 4351 sine
676 4286 787 4373 aliqua
810 4287 1078 4364 contradictione,
1093 4307 1145 4351 me
1160 4285 1216 4350 vel
1238 4283 1372 4352 heredes

318 4407 406 4453 meos
443 4387 649 4473 distringere,
673 4387 775 4454 donec
813 4387 980 4474 praedictis
1014 4387 1128 4453 abbati
1166 4385 1373 4456 satisfactum

317 4489 419 4556 inerit
449 4497 485 4556 et
515 4492 705 4570 conventui,
728 4495 763 4557 et
785 4491 971 4557 vicecomiti
997 4513 1057 4578 pro
1082 4490 1193 4557 labore
1224 4512 1283 4557 suo
1305 4511 1374 4556 una

315 4613 425 4658 marca
449 4593 607 4670 solvatur,
622 4614 690 4658 una
706 4614 780 4660 cum
806 4592 1029 4660 misericordia
1052 4595 1162 4659 decem
1182 4593 1373 4669 solidorum,

806 4841 813 4874 ¹
834 4839 884 4892 Sic.

1173 4937 1194 4985 s
1219 4925 1239 4987 2
