3566 5820
421 869 486 935 190
674 883 872 934 ssorsreuu
895 879 1215 932 umusssrmrsuss.

809 1079 888 1148 OAP.
913 1079 1092 1148 cccxxl.

425 1213 528 1279 Curio
557 1211 696 1280 Walteri
731 1213 758 1278 io
782 1213 855 1280 Soet
877 1215 917 1279 cie
939 1213 1078 1278 reddire
1102 1231 1220 1279 bouem
1244 1207 1471 1275 denariorum

509 1321 538 1380 et
561 1315 657 1392 oboli,
681 1323 709 1380 et
732 1315 848 1401 quieto
871 1315 1061 1380 oluumutiu
1084 1313 1231 1398 ejusdem
1254 1311 1293 1376 do
1317 1309 1470 1376 dimidiu

509 1421 593 1487 bido
616 1429 712 1487 terroe
734 1443 840 1509 quum
856 1421 1019 1487 Robertus
1035 1420 1074 1485 de
1089 1418 1271 1506 Bradefohi
1294 1415 1469 1504 quondam

510 1525 628 1590 mouit.

466 1653 581 1718 Seiani
607 1659 784 1738 praesentes
816 1659 851 1716 et
884 1652 988 1716 fusuri
1024 1651 1112 1737 quod
1146 1672 1206 1736 ego
1240 1649 1404 1714 Walterus
1439 1647 1468 1712 le

252 1761 381 1812 Purehase
421 1754 521 1832 Soob,l
545 1755 632 1819 filius
656 1755 820 1820 Johounis
843 1755 873 1819 le
898 1753 975 1819 Soot
1001 1755 1042 1818 de
1066 1751 1273 1829 Credewelle,
1297 1752 1470 1816 voluntate

252 1828 373 1943 ogargnr
420 1863 454 1922 et
469 1879 602 1922 assensu
626 1857 783 1922 heredum
800 1879 945 1922 meorum
971 1841 1180 1942 vendidi'pro
1196 1876 1315 1940 magno
1338 1854 1470 1939 negotio

134 1971 139 1986 ·
251 1893 385 2014 briiw'eii
420 1982 490 2024 meo
514 1960 695 2025 venerabili
719 1960 807 2046 petri
832 1911 980 2026 Gulfrisio
1003 1959 1116 2022 sbbsbi
1141 1963 1176 2022 et
1190 1957 1369 2022 eonventui
1384 1955 1453 2019 Mei

419 2062 601 2138 mesburire,
625 2083 683 2148 pro
718 2083 785 2126 une
808 2083 918 2126 meree
951 2061 1080 2146 argenti
1113 2058 1214 2124 michi
1245 2057 1468 2145 prsemsnibus

418 2166 716 2243 solummodum
740 2186 857 2230 novem
882 2165 1090 2229 denariorum
1107 2170 1141 2228 ei
1163 2163 1259 2238 oboli,
1283 2183 1380 2246 quem
1404 2161 1468 2224 Ro-

418 2268 531 2333 berbus
562 2269 602 2332 de
626 2267 820 2331 Brsdefelde
843 2266 925 2330 mihi
961 2270 996 2332 ei
1029 2265 1205 2330 heredibus
1228 2264 1309 2329 meis
1335 2264 1469 2329 reddere

419 2371 533 2435 debuit
555 2391 615 2456 pro
639 2370 777 2434 dimidiu
800 2369 891 2455 hyde
913 2375 1009 2434 terre
1042 2391 1141 2454 quum
1176 2369 1283 2432 dicius
1306 2367 1470 2433 Roberbus

418 2473 458 2537 de
474 2495 526 2536 me
549 2473 658 2536 tenuit
676 2472 751 2555 jure
767 2471 964 2535 hereditario
987 2471 1023 2534 in
1046 2471 1126 2536 ville
1149 2471 1189 2535 de
1213 2469 1420 2546 Credewelle‚
1436 2474 1470 2534 et

420 2580 527 2639 totum
548 2576 605 2659 jus
628 2574 715 2657 quod
737 2595 799 2658 ego
823 2578 856 2636 ei
888 2573 1023 2637 heredes
1047 2575 1110 2636 mei
1144 2573 1179 2636 in
1211 2572 1300 2637 dicte
1331 2571 1469 2635 dimidie

419 2675 510 2759 hyde
533 2673 709 2738 habuimus
732 2672 786 2736 vel
810 2671 928 2737 hebere
953 2673 1120 2757 potuimus
1144 2675 1178 2737 in
1201 2673 1369 2758 homagiis,
1386 2694 1469 2736 wer-

419 2778 479 2852 dis,
495 2777 663 2852 eschaetis,
679 2777 818 2852 releviis,
843 2777 948 2851 sectis
964 2782 998 2840 et
1021 2777 1173 2840 omnibus
1187 2777 1261 2840 eliis
1281 2777 1324 2840 ad
1347 2776 1468 2839 dictem

419 2880 591 2945 dimidiam
607 2879 856 2966 pertinentibus.
905 2878 959 2944 Ita
981 2879 1106 2960 scilieet
1122 2885 1159 2942 ut
1174 2900 1270 2943 omne
1287 2879 1467 2944 dominium

420 2987 454 3046 eb
491 3003 603 3046 omnes
646 2981 757 3046 exitus
789 2981 961 3044 memorati
996 2981 1082 3045 seodi
1118 2981 1171 3044 vel
1193 2981 1328 3046 heredes
1358 2981 1470 3046 meos2

419 3083 531 3168 aliquo
553 3083 651 3146 modo
672 3087 806 3167 possent
828 3083 1025 3166 oouiingere,
1049 3083 1085 3146 in
1118 3083 1292 3168 praedietos
1314 3083 1469 3148 abbatem

420 3191 454 3251 et
477 3193 675 3252 conventum
711 3185 781 3250 eine
804 3183 915 3269 aliquo
938 3191 1162 3250 retenemenio
1186 3187 1319 3251 omnino
1350 3188 1469 3272 imper-

420 3294 559 3376 petuum
582 3294 737 3353 transeut.
784 3286 884 3352 Hunc
906 3293 1019 3351 autem
1036 3288 1202 3353 redditum
1226 3310 1345 3354 novem
1369 3289 1469 3354 dene·

420 3391 542 3458 riorum
567 3397 601 3456 eb
624 3389 710 3454 oboli
734 3391 769 3454 in
793 3389 909 3475 vigilie
931 3389 1065 3455 Pasehae
1089 3392 1260 3456 annuatim
1289 3392 1469 3479 percipien-

418 3497 508 3570 dum,
532 3500 565 3557 eb
592 3493 731 3556 servicis
755 3499 946 3569 memoraba,
970 3494 1122 3578 praediobi
1144 3495 1247 3559 sbbss
1271 3502 1305 3559 et
1328 3489 1468 3560 conuen-

420 3605 475 3662 tus
498 3596 601 3660 libere
625 3601 659 3658 et
682 3595 794 3679 quiete
817 3617 876 3679 pro
899 3617 952 3659 me
974 3601 1009 3658 eb
1032 3595 1209 3660 heredibus
1232 3599 1315 3661 meis
1349 3599 1469 3684 imper-

418 3706 557 3786 petuum
580 3697 753 3762 habebunt
787 3702 821 3760 eb
853 3697 987 3782 pacifice
1022 3698 1247 3782 possidebunt.
1294 3699 1349 3764 Ibe
1382 3701 1470 3786 quod

419 3824 479 3866 neo
501 3822 561 3886 ego
584 3821 644 3865 neo
665 3799 785 3883 aliquis
808 3799 965 3864 heredum
981 3822 1128 3865 meorum
1144 3801 1220 3866 ullis
1243 3801 1364 3867 suturis
1388 3810 1469 3868 tem·

419 3903 553 3991 poribus
578 3904 612 3966 in
636 3902 793 3988 praediebo
817 3901 950 3966 redditu
966 3901 1035 3966 sive
1059 3904 1206 3968 serviciis
1222 3907 1469 3990 praenominetis

419 4004 546 4089 aliquid
574 4005 661 4088 juris
684 4003 780 4094 nobis
803 4004 977 4068 vendicare
1011 4006 1181 4091 possimus.
1228 4005 1323 4072 Heno
1356 4013 1469 4072 sutem

419 4107 655 4182 venditionem,
678 4105 764 4169 siout
787 4105 978 4191 praescripta
1000 4113 1059 4182 est,
1082 4129 1142 4192 ego
1157 4107 1323 4172 Walterus
1346 4108 1377 4173 le
1392 4111 1470 4174 Soot

420 4217 454 4276 eb
476 4209 611 4275 heredes
634 4210 698 4273 mei
722 4215 837 4273 contre
852 4229 963 4273 omnes
979 4208 1133 4274 mortales
1149 4212 1364 4277 warentizere
1379 4217 1469 4278 iene-

420 4335 501 4376 mur.
549 4311 593 4376 m
608 4316 647 4375 ub
660 4311 732 4375 haec
755 4331 828 4374 mes
849 4310 1008 4388 venditio,
1024 4313 1196 4390 concessio,
1212 4319 1246 4378 eb
1269 4314 1373 4378 totius
1384 4313 1470 4400 juris

420 4416 508 4502 quod
531 4415 634 4479 hebui
656 4415 692 4477 in
715 4413 874 4499 preediobo
896 4412 1030 4477 redditu
1054 4420 1088 4478 et
1110 4415 1256 4480 serviciis
1278 4437 1338 4502 pro
1361 4439 1413 4481 me
1435 4422 1470 4482 eb

420 4517 595 4583 heredibus
617 4517 698 4579 meis
721 4515 895 4600 abjuratio,
919 4515 1014 4579 firme
1048 4523 1082 4580 et
1117 4517 1246 4581 stabilis
1267 4527 1468 4603 permaneat,

420 4622 506 4686 hano
528 4625 652 4685 corbem
675 4619 721 4681 eis
744 4617 815 4692 feci,
838 4623 873 4681 eb
894 4617 1003 4702 sigillo
1027 4638 1100 4683 meo
1122 4619 1281 4685 roboravi

420 4761 470 4771 —nw
474 4760 609 4768 -—--
614 4758 748 4766 -—---

582 4815 768 4870 ¹setrnus.
802 4865 806 4876 ,
950 4818 956 4886 ι
1001 4817 1178 4870 2surnus.
