3600 5806
577 875 776 933 secrsrnun
800 883 1125 935 nannrssoarnnsr.
1360 863 1381 938 'l

725 1101 805 1166 Car.
831 1099 977 1166 CXLVI.

324 1253 430 1320 Bulla
445 1253 644 1319 [conectit
658 1253 766 1338 Popce
782 1251 964 1336 jndicibus
987 1253 1156 1339 ‘inaer[tis]
1173 1253 1303 1320 directo
1315 1277 1379 1340 pro

412 1355 622 1422 alienatione
644 1355 826 1440 cujualnm
856 1362 951 1420 terro
983 1378 1090 1442 queem
1115 1356 1187 1421 Tho.
1211 1357 1251 1421 cle
1275 1357 1380 1423 Chele-

415 1457 499 1522 wrtlt
516 1457 598 1542 fecit
620 1455 764 1542 ob[bnti]
789 1455 1047 1522 Mtdmeshurioe.

371 1587 533 1652 Omnibus
556 1597 679 1653 sanctae
703 1586 818 1652 matris
842 1586 985 1651 ecclcsire
1008 1586 1086 1650 filiis
1109 1588 1326 1672 praesentibus
1346 1595 1381 1652 et
1394 1602 1472 1666 Paper
1486 1603 1549 1652 bell.

326 1689 456 1766 futuris,
472 1689 510 1753 R„
529 1689 631 1754 abbas
654 1689 694 1753 de
711 1687 976 1763 Winchecumbe,
993 1687 1030 1752 G.
1054 1688 1144 1773 prior
1166 1689 1207 1752 de
1223 1689 1380 1767 Lentone,

326 1796 360 1854 et
389 1791 430 1854 A.
471 1790 613 1855 decanus
651 1790 692 1854 de
731 1788 943 1865 Gloucestrie,
982 1789 1123 1854 salutem
1161 1789 1196 1853 in
1228 1790 1378 1856 Domino.

326 1891 468 1958 Noverit
505 1893 706 1957 universitas
743 1897 855 1957 vestra
892 1891 1085 1957 mandatum
1124 1893 1251 1957 domini
1281 1893 1379 1980 Papae

326 1993 512 2060 Innocentii
536 1993 602 2058 III.
628 1993 664 2056 in
694 1993 766 2058 haec
797 1993 898 2058 verba
920 1994 1116 2079 suscepisse:
1140 1995 1380 2060 “Innocentius

325 2105 342 2128 ‘¹
366 2096 545 2184 episcopus,
568 2117 683 2160 servus
714 2117 883 2161 servorum
907 2095 980 2171 Dei,
1003 2095 1133 2161 dilectis
1162 2095 1240 2160 filiis
1266 2097 1381 2162 abbati

325 2207 341 2232 “
365 2199 407 2263 de
422 2197 687 2275 Winchecumbe‚
708 2198 809 2283 priori
833 2197 873 2262 de
890 2198 1048 2274 Lentone,
1063 2204 1098 2263 et
1120 2198 1243 2263 decano
1259 2199 1380 2276 Glouc.‚

325 2309 341 2332 ‘¹
366 2299 522 2386 Wygorn.
555 2299 713 2376 dioecesis,
744 2299 885 2364 salutem
916 2306 950 2364 et
981 2299 1194 2385 apostolicam
1228 2300 1380 2366 benedic-

325 2412 341 2436 “
364 2404 497 2468 tionem.
544 2402 597 2467 Ex
627 2407 720 2488 parte
748 2400 943 2466 dilectorum
966 2401 1096 2466 abbatis
1131 2409 1166 2467 et
1197 2408 1380 2468 conventus

324 2506 405 2571 “de
445 2505 687 2584 Malmesburia,
719 2505 837 2571 Sarum
875 2505 1034 2581 dioecesis,
1070 2505 1138 2569 fuit
1175 2505 1379 2591 propositum

324 2617 340 2640 ‘¹
364 2629 473 2674 coram
496 2607 591 2674 nobis
615 2607 703 2693 quod
727 2607 882 2672 Warinus
906 2611 940 2671 et
964 2607 1171 2684 chefridus,
1187 2615 1222 2673 et
1244 2609 1379 2693 quidam

324 2719 339 2742 ‘¹
364 2710 423 2774 alii
448 2711 698 2797 praedecessores
721 2709 868 2794 ejusdem
891 2708 1032 2785 abbatis,
1055 2709 1090 2772 in
1113 2709 1227 2774 eodem
1251 2731 1379 2776 monas-

323 2820 340 2846 “
365 2812 448 2878 telio
471 2810 591 2876 intrusi
621 2811 772 2897 potentia
801 2809 910 2876 laicali
944 2810 1156 2875 familiarium
1179 2816 1213 2877 et
1243 2833 1380 2878 consan-

324 2925 340 2950 “
365 2916 560 3002 guineorum
583 2917 714 2992 affectu,
736 2935 864 2980 necnon
887 2915 1096 3000 oppressione
1118 2937 1157 2980 ac
1179 2915 1292 2980 favore
1322 2937 1380 3001 pc-

324 3027 341 3052 “
366 3023 505 3094 tentum,
536 3017 752 3102 possessiones
785 3015 888 3101 ipsius
923 3016 1113 3080 monasterii
1143 3022 1379 3094 concesserunt,

325 3128 342 3154 “
366 3124 401 3182 et
433 3118 663 3185 alienaverunt
684 3117 818 3197 illicite;
841 3117 927 3182 bona
961 3117 1117 3202 ejusdem,
1141 3118 1261 3204 quibus
1293 3119 1381 3182 inter

325 3229 340 3254 “
365 3226 484 3286 caetera
506 3220 707 3286 monasteria
728 3219 849 3296 floruit,
869 3225 948 3283 sunt
970 3242 1012 3285 ex
1045 3223 1139 3306 parte
1163 3219 1308 3284 maxima
1330 3219 1379 3284 di-

325 3333 342 3358 “
365 3325 506 3395 minute.
545 3323 706 3389 Praeterea
728 3344 803 3387 cum
826 3322 978 3408 quaedam
1001 3321 1147 3387 corrodia
1169 3345 1243 3408 quae
1267 3323 1380 3388 usibus

325 3436 342 3461 “
367 3425 599 3492 monachorum
622 3426 658 3489 in
680 3423 762 3490 cibis
784 3430 819 3490 et
850 3424 983 3510 potibus
1005 3423 1188 3489 debuerant
1219 3425 1379 3511 deputari,

325 3539 342 3564 ‘¹
367 3535 401 3594 et
424 3529 575 3614 quaedem
599 3527 706 3593 officia
737 3549 796 3611 per
827 3527 958 3591 cosdem
981 3547 1133 3591 concessa
1155 3533 1233 3590 sunt
1264 3527 1378 3592 illicite

324 3642 342 3668 “
365 3655 403 3697 ac
442 3631 601 3707 districta,
639 3629 762 3694 ibidem
799 3634 851 3693 est
887 3629 1097 3714 hospitalibus
1144 3630 1307 3694 minorata
1345 3635 1379 3694 et

324 3743 341 3768 “
366 3755 522 3798 numerus
544 3732 646 3796 etiam
670 3730 912 3796 monachorum.
976 3729 1158 3810 Quocirca
1189 3729 1378 3796 discretioni

322 3845 341 3870 ‘¹
366 3841 485 3902 vestre
523 3857 581 3920 per
614 3832 794 3920 apostolica
827 3833 949 3918 scripta
986 3832 1189 3907 mandamus,
1221 3833 1379 3918 quatinus

326 3950 342 3974 “
366 3937 582 4004 alienationes
604 3935 795 4021 hujusmodi
810 3934 846 3999 in
862 3934 975 4000 eodem
992 3934 1189 3999 monasterio
1205 3935 1379 4001 decaetero

324 4051 341 4076 “
364 4040 444 4116 tisri,
493 4038 689 4104 auctoritate
737 4036 925 4122 apostolica,
962 4033 1145 4099 districtius
1183 4035 1379 4111 inhibentes,

324 4153 341 4178 “
366 4165 468 4230 eaque
491 4143 532 4207 de
555 4142 650 4207 bonis
674 4140 778 4226 ipsius
801 4139 947 4204 alienata
969 4138 1163 4203 inveneritis
1189 4139 1304 4204 illicite
1327 4137 1380 4203 vel

323 4255 341 4280 “
366 4246 526 4320 districte,
543 4245 586 4310 ad
605 4243 718 4329 juset
741 4241 784 4306 sd
807 4240 1042 4327 proprietatem
1066 4241 1212 4326 ejusdem
1235 4241 1381 4327 appella·

323 4359 340 4384 “
365 4350 456 4413 tione
476 4345 660 4432 postposita
682 4342 846 4430 legittime
861 4341 1029 4418 revocetis,
1044 4342 1298 4410 contradictores
1322 4367 1380 4431 per

325 4461 537 4516 “censuram
568 4445 818 4514 ecelesiasticam
847 4443 1087 4530 compescendo.
1135 4444 1231 4524 Quod
1260 4445 1379 4512 sinon

324 4561 340 4588 ‘¹
365 4574 477 4619 omnes
505 4549 571 4615 hiis
594 4547 794 4634 exequendis
824 4545 1000 4632 potueritis
1022 4545 1187 4627 interesse,
1211 4548 1277 4613 duo
1307 4570 1379 4613 ves-

323 4665 341 4691 “
366 4668 455 4720 trum
487 4651 703 4717 nihilominus
742 4653 956 4734 exequantur.
1014 4648 1104 4714 Date
1137 4649 1286 4715 Leteran.
1320 4649 1380 4715 iii⁰.

323 4768 340 4796 ‘⁴
366 4757 446 4824 Idus
479 4755 602 4829 Martii.
637 4753 849 4832 pontificatus
879 4753 984 4817 nostri
1019 4773 1106 4818 anno
1141 4751 1227 4818 xix.”
1273 4752 1380 4818 Parti·
