3526 5810
504 833 703 884 eremmon
726 833 1049 884 muuesumnusn.
1233 821 1297 886 241

252 1018 289 1083 in
320 1018 388 1084 illis
416 1019 543 1086 duabus
577 1020 660 1087 aeris
692 1024 789 1085 terrae
812 1040 886 1104 quse
913 1018 1028 1105 jacent
1049 1020 1138 1105 apud
1161 1019 1300 1106 Fuiinge

252 1126 341 1188 retro
371 1121 518 1188 clausum
549 1121 708 1187 Hewisiae
739 1120 770 1186 le
806 1121 884 1208 Gog.
932 1121 1022 1201 Quas
1057 1122 1188 1208 quidem
1219 1122 1301 1187 duas

252 1243 343 1290 aeras
366 1231 462 1290 terme
484 1224 634 1312 praedieti
655 1225 756 1290 abbas
779 1229 814 1289 et
835 1229 1018 1290 conventus
1040 1224 1228 1291 habuerunt
1259 1247 1301 1290 ex

254 1326 339 1393 dono
361 1327 526 1392 Johannis
548 1326 609 1391 filii
632 1326 792 1392 Willelmi
825 1326 856 1390 le
879 1326 1003 1404 Porter,
1026 1333 1061 1392 et
1093 1349 1174 1413 quas
1200 1326 1301 1392 iidem

252 1427 352 1493 abbas
387 1435 421 1494 et
454 1434 635 1495 conventus
669 1427 752 1492 mihi
781 1427 952 1506 dederunt,
975 1433 1010 1494 et
1032 1434 1122 1495 emta
1145 1451 1203 1495 sua
1226 1451 1303 1495 oon-

252 1531 488 1597 firmaverunt:
525 1529 693 1596 habendas
734 1535 769 1596 et
802 1532 961 1597 tenendas
1004 1532 1178 1618 praedietas
1219 1533 1301 1597 duas

253 1653 343 1699 sores
366 1639 472 1711 terrm,
495 1655 569 1700 oum
604 1633 755 1698 omnibus
789 1635 1000 1719 pertinentiis
1033 1635 1110 1713 suis,
1136 1635 1303 1721 praedietis

253 1736 367 1802 abbati
404 1741 438 1801 et
475 1736 653 1804 conventui
690 1741 724 1800 et
761 1757 873 1801 eorum
912 1738 1148 1804 suecessoribus
1194 1737 1303 1815 libere,

255 1840 375 1924 quiete,
397 1839 481 1904 bene
513 1843 548 1904 et
578 1839 616 1902 in
647 1859 726 1923 paee
748 1837 1000 1925 imperpetuum.
1047 1839 1101 1904 Ita
1123 1840 1211 1924 quod
1244 1861 1305 1905 neo

256 1962 316 2027 ego
350 1961 410 2005 neo
446 1939 565 2026 aliquis
602 1940 760 2005 heredum
793 1941 848 2006 vel
885 1941 1125 2028 assignatorum
1158 1964 1304 2007 meorum

257 2043 391 2128 aliquod
415 2043 473 2129 jus
504 2041 558 2106 vel
594 2043 749 2108 elemium
780 2044 816 2106 in
854 2044 1019 2129 praedietis
1041 2044 1185 2110 ‹duabus
1222 2044 1306 2110 aeris

257 2151 361 2222 terrm,
383 2146 437 2210 vel
470 2145 636 2231 aliquibus
673 2145 741 2210 suis
772 2146 989 2231 pertinentiis,
1012 2145 1123 2230 aliquo
1160 2151 1306 2233 tempore

256 2248 350 2314 nobis
376 2249 547 2314 vendicare
579 2247 748 2333 possimus.
794 2246 858 2312 Pro
891 2247 953 2313 heo
983 2253 1094 2313 autem
1117 2249 1307 2314 remissione

257 2359 292 2417 et
321 2353 437 2438 quieta
465 2352 643 2418 olamantia
664 2371 746 2428 mea,
769 2351 932 2417 dederunt
953 2351 1037 2415 mihi
1067 2352 1218 2437 praedicti
1249 2353 1307 2418 ab·

257 2457 315 2520 bas
347 2461 380 2520 et
414 2459 596 2520 conventus
629 2452 850 2539 praemonibus
887 2453 968 2520 duas
1006 2473 1131 2519 mareas
1169 2455 1307 2540 argenti.

258 2558 303 2622 Et
333 2557 369 2621 in
400 2556 628 2622 testimonium
663 2555 763 2641 hujus
796 2554 997 2621 remissionis
1029 2560 1063 2620 et
1096 2556 1217 2641 quietae
1243 2556 1308 2622 ela·

258 2659 393 2726 mantiae
415 2679 504 2736 mem,
528 2657 591 2724 hoo
613 2658 773 2744 seriptum
796 2657 918 2722 eisdem
936 2657 1050 2723 abbati
1073 2663 1109 2724 et
1130 2659 1308 2724 oonventui

258 2761 328 2840 feei,
344 2764 379 2825 et
401 2760 485 2825 illud
506 2759 615 2848 sigisso
636 2781 710 2826 meo
732 2758 869 2846 signavi.
916 2757 993 2824 Hiis
1007 2759 1158 2836 testibus,
1175 2759 1307 2829 domino

260 2862 407 2928 Galfiido
441 2862 481 2928 de
504 2861 617 2938 Morle,
650 2860 764 2938 milite,
795 2859 947 2926 Johenne
981 2861 1022 2926 de
1052 2859 1307 2948 Hanekyntone,

260 2965 404 3032 soteres
441 2965 482 3030 se
511 2964 544 3030 u
567 2964 640 3042 me,
663 2963 805 3030 merso
843 2963 884 3030 de
913 2963 947 3030 u
977 2963 1050 3042 Leo,
1082 2964 1243 3053 wymno
1265 2953 1397 3030 dess²⁵³
1410 2948 1434 2999 ὂ·

260 3067 463 3145 Oherletone,
478 3065 607 3152 Rogero
629 3065 698 3131 filio
720 3065 841 3153 Rogeri
863 3065 904 3132 de
927 3065 1131 3144 Oberletone,
1163 3067 1308 3134 Hemico

259 3169 290 3235 le
325 3169 401 3254 Say,
434 3167 594 3233 Giliberto
633 3168 674 3233 de
709 3167 864 3245 Gurdino,
902 3165 1033 3253 Pegeno
1065 3168 1095 3232 le
1133 3167 1235 3234 Olerk
1268 3163 1309 3234 de

260 3269 521 3356 Brokeneberge,
544 3269 691 3338 Henrieo
724 3270 765 3336 de
788 3267 1000 3347 Holeeumbe‚
1022 3273 1057 3334 et
1078 3270 1160 3335 aliis.

642 3606 721 3673 OAP.
746 3601 918 3671 OOOLXI.

307 3759 496 3829 Omwordo’o
518 3761 610 3827 nter
631 3758 815 3826 domimum
842 3757 1048 3824 Wiltebnum
1069 3755 1220 3825 abtmem
1242 3764 1272 3824 et

495 3863 679 3930 minoen
701 3861 895 3929 Jotnnoen
916 3860 1075 3926 Mmodut.

308 4017 474 4082 Noverint
495 4014 641 4080 universi
665 4012 760 4099 quod,
776 4035 850 4080 cum
872 4013 1095 4079 controversia
1117 4017 1207 4080 mota
1229 4019 1315 4080 esset
1325 4015 1482 4094 ΛΜΨ

263 4121 351 4185 inter
393 4118 563 4184 dominum
607 4115 811 4181 Willelmum
851 4115 1004 4180 abbatem
1044 4121 1078 4180 et
1114 4122 1314 4181 conventum
1326 4097 1479 4199 &affl

263 4218 505 4287 Mulmesburiae
539 4240 582 4282 ex
613 4221 706 4303 purte
739 4237 814 4294 una,
854 4222 888 4281 et
925 4216 1095 4281 dominum
1126 4216 1313 4284 Johannem
1326 4215 1408 4280 fithss

263 4322 406 4388 Maudut
427 4343 470 4387 ex
491 4320 603 4410 alters,
623 4341 721 4406 super
736 4319 879 4406 quedem
900 4340 1081 4398 commune„
1104 4341 1203 4405 quam
1225 4320 1314 4387 idem
1326 4281 1433 4400 ἓξὲξ

264 4424 417 4491 dominus
449 4421 618 4489 «Iohannes
650 4421 805 4508 exigebat
830 4422 867 4486 in
900 4421 997 4487 terris
1031 4426 1065 4486 et
1094 4422 1199 4508 pratis
1230 4445 1315 4510 prae-

264 4527 425 4594 dietorum
447 4523 577 4590 abbatis
599 4526 634 4589 et
654 4529 845 4600 conventus,
868 4527 903 4588 et
924 4522 1095 4588 hominum
1117 4545 1251 4589 suorum
1274 4526 1315 4591 de

265 4629 450 4704 Rodburne,
488 4646 564 4692 eum
605 4625 757 4690 omnibus
794 4624 915 4689 averiis
956 4625 1033 4702 suis,
1071 4629 1105 4689 et
1142 4625 1314 4692 hominmn

264 4751 399 4798 suonsm
432 4727 475 4792 de
498 4725 686 4794 Someriord
709 4727 767 4813 qui
790 4725 919 4792 servilis
941 4731 1021 4790 sunt
1051 4727 1257 4810 eonditionis‚
1281 4736 1314 4796 et

353 4829 429 4879 uso.
980 4875 982 4880 ,
1158 4846 1180 4905 Q
