<?xml version="1.0" encoding="UTF-8"?>
<!DOCTYPE html PUBLIC "-//W3C//DTD XHTML 1.0 Transitional//EN"
    "http://www.w3.org/TR/xhtml1/DTD/xhtml1-transitional.dtd">
<html xmlns="http://www.w3.org/1999/xhtml" xml:lang="en" lang="en">
 <head>
  <title>
</title>
<meta http-equiv="Content-Type" content="text/html;charset=utf-8" />
  <meta name='ocr-system' content='tesseract 3.04.00' />
  <meta name='ocr-capabilities' content='ocr_page ocr_carea ocr_par ocr_line ocrx_word'/>
</head>
<body>
  <div class='ocr_page' id='page_1' title='image "./registrummalmes00martgoog_0234.png"; bbox 0 0 3566 5820; ppageno 0'>
   <div class='ocr_carea' id='block_1_1' title="bbox 431 883 1230 957">
    <p class='ocr_par' dir='ltr' id='par_1_1' title="bbox 431 883 1230 957">
     <span class='ocr_line' id='line_1_1' title="bbox 431 883 1230 957; baseline 0.014 -11"><span class='ocrx_word' id='word_1_1' title='bbox 431 883 496 947; x_wconf 78' lang='lat'>140</span> <span class='ocrx_word' id='word_1_2' title='bbox 685 901 883 952; x_wconf 75' lang='lat' dir='ltr'>caeremon</span> <span class='ocrx_word' id='word_1_3' title='bbox 908 905 1230 957; x_wconf 74' lang='lat' dir='ltr'>umuueauumusu</span> 
     </span>
    </p>
   </div>
   <div class='ocr_carea' id='block_1_2' title="bbox 427 1085 1478 1386">
    <p class='ocr_par' dir='ltr' id='par_1_2' title="bbox 427 1085 1478 1386">
     <span class='ocr_line' id='line_1_2' title="bbox 474 1085 1478 1182; baseline 0.008 -31"><span class='ocrx_word' id='word_1_4' title='bbox 474 1085 518 1152; x_wconf 86' lang='lat' dir='ltr'>Et</span> <span class='ocrx_word' id='word_1_5' title='bbox 540 1094 707 1174; x_wconf 85' lang='lat' dir='ltr'>praeterea,</span> <span class='ocrx_word' id='word_1_6' title='bbox 739 1091 826 1156; x_wconf 92' lang='lat' dir='ltr'>idem</span> <span class='ocrx_word' id='word_1_7' title='bbox 858 1093 961 1159; x_wconf 74' lang='lat' dir='ltr'>abbae</span> <span class='ocrx_word' id='word_1_8' title='bbox 993 1096 1117 1181; x_wconf 87' lang='lat' dir='ltr'>recepit</span> <span class='ocrx_word' id='word_1_9' title='bbox 1148 1095 1322 1182; x_wconf 74' lang='lat' dir='ltr'>praedictos</span> <span class='ocrx_word' id='word_1_10' title='bbox 1353 1095 1478 1162; x_wconf 83' lang='lat' dir='ltr'>Radul-</span> 
     </span>
     <span class='ocr_line' id='line_1_3' title="bbox 427 1189 1478 1282; baseline 0.01 -30"><span class='ocrx_word' id='word_1_11' title='bbox 427 1189 531 1275; x_wconf 89' lang='lat' dir='ltr'>phum</span> <span class='ocrx_word' id='word_1_12' title='bbox 554 1195 589 1255; x_wconf 90' lang='lat' dir='ltr'>et</span> <span class='ocrx_word' id='word_1_13' title='bbox 610 1191 752 1258; x_wconf 82' lang='lat' dir='ltr'>Aliciam</span> <span class='ocrx_word' id='word_1_14' title='bbox 783 1194 819 1258; x_wconf 90' lang='lat' dir='ltr'>in</span> <span class='ocrx_word' id='word_1_15' title='bbox 842 1193 982 1282; x_wconf 82' lang='lat' dir='ltr'>singulis</span> <span class='ocrx_word' id='word_1_16' title='bbox 1013 1196 1180 1262; x_wconf 85' lang='lat' dir='ltr'>beneficiis</span> <span class='ocrx_word' id='word_1_17' title='bbox 1211 1204 1245 1262; x_wconf 85' lang='lat' dir='ltr'>et</span> <span class='ocrx_word' id='word_1_18' title='bbox 1274 1197 1478 1263; x_wconf 82' lang='lat' dir='ltr'>orationibus</span> 
     </span>
     <span class='ocr_line' id='line_1_4' title="bbox 427 1292 1387 1386; baseline 0.008 -30"><span class='ocrx_word' id='word_1_19' title='bbox 427 1292 515 1376; x_wconf 91' lang='lat' dir='ltr'>quod</span> <span class='ocrx_word' id='word_1_20' title='bbox 538 1294 578 1358; x_wconf 92' lang='lat' dir='ltr'>de</span> <span class='ocrx_word' id='word_1_21' title='bbox 602 1295 814 1363; x_wconf 82' lang='lat' dir='ltr'>ceteroficnt</span> <span class='ocrx_word' id='word_1_22' title='bbox 836 1297 872 1362; x_wconf 90' lang='lat' dir='ltr'>in</span> <span class='ocrx_word' id='word_1_23' title='bbox 895 1297 1030 1365; x_wconf 82' lang='lat' dir='ltr'>ccclesia</span> <span class='ocrx_word' id='word_1_24' title='bbox 1053 1320 1113 1365; x_wconf 85' lang='lat' dir='ltr'>aua</span> <span class='ocrx_word' id='word_1_25' title='bbox 1135 1300 1387 1386; x_wconf 73' lang='lat' dir='ltr'>imperpetuum.</span> 
     </span>
    </p>
   </div>
   <div class='ocr_carea' id='block_1_3' title="bbox 793 1483 1114 1552">
    <p class='ocr_par' dir='ltr' id='par_1_3' title="bbox 793 1483 1114 1552">
     <span class='ocr_line' id='line_1_5' title="bbox 793 1483 1114 1552; baseline 0 0"><span class='ocrx_word' id='word_1_26' title='bbox 793 1484 873 1552; x_wconf 70' lang='lat' dir='ltr'>Off.</span> <span class='ocrx_word' id='word_1_27' title='bbox 898 1483 1114 1552; x_wconf 74' lang='lat' dir='ltr'>ooaxxm.</span> 
     </span>
    </p>
   </div>
   <div class='ocr_carea' id='block_1_4' title="bbox 382 1609 1475 1909">
    <p class='ocr_par' dir='ltr' id='par_1_4' title="bbox 382 1609 1475 1909">
     <span class='ocr_line' id='line_1_6' title="bbox 428 1609 1475 1701; baseline 0.005 -25"><span class='ocrx_word' id='word_1_28' title='bbox 428 1609 550 1692; x_wconf 77' lang='lat' dir='ltr'>Quiete</span> <span class='ocrx_word' id='word_1_29' title='bbox 572 1611 763 1680; x_wconf 71' lang='lat' dir='ltr'>chementio</span> <span class='ocrx_word' id='word_1_30' title='bbox 787 1613 825 1682; x_wconf 87' lang='lat' dir='ltr'>R.</span> <span class='ocrx_word' id='word_1_31' title='bbox 841 1611 921 1700; x_wconf 72' lang='lat' dir='ltr'>filia·</span> <span class='ocrx_word' id='word_1_32' title='bbox 942 1613 1084 1701; x_wconf 76' lang='lat' dir='ltr'>Popoac&#39;</span> <span class='ocrx_word' id='word_1_33' title='bbox 1116 1613 1155 1680; x_wconf 79' lang='lat' dir='ltr'>de</span> <span class='ocrx_word' id='word_1_34' title='bbox 1184 1614 1254 1692; x_wconf 80' lang='lat' dir='ltr'>Leo,</span> <span class='ocrx_word' id='word_1_35' title='bbox 1277 1613 1317 1682; x_wconf 71' lang='lat' dir='ltr'>B.</span> <span class='ocrx_word' id='word_1_36' title='bbox 1347 1612 1475 1701; x_wconf 84' lang='lat' dir='ltr'>Porfct,</span> 
     </span>
     <span class='ocr_line' id='line_1_7' title="bbox 514 1712 1475 1806; baseline 0.007 -28"><span class='ocrx_word' id='word_1_37' title='bbox 514 1712 612 1780; x_wconf 80' lang='lat' dir='ltr'>Petri</span> <span class='ocrx_word' id='word_1_38' title='bbox 636 1714 676 1782; x_wconf 77' lang='lat' dir='ltr'>da</span> <span class='ocrx_word' id='word_1_39' title='bbox 697 1716 826 1790; x_wconf 81' lang='lat' dir='ltr'>Eatocc.</span> <span class='ocrx_word' id='word_1_40' title='bbox 850 1723 880 1783; x_wconf 81' lang='lat' dir='ltr'>et</span> <span class='ocrx_word' id='word_1_41' title='bbox 906 1715 1050 1804; x_wconf 72' lang='lat' dir='ltr'>Wybaca</span> <span class='ocrx_word' id='word_1_42' title='bbox 1073 1717 1112 1784; x_wconf 81' lang='lat' dir='ltr'>de</span> <span class='ocrx_word' id='word_1_43' title='bbox 1136 1713 1306 1785; x_wconf 68' lang='lat' dir='ltr'>olerum</span> <span class='ocrx_word' id='word_1_44' title='bbox 1329 1717 1369 1784; x_wconf 83' lang='lat' dir='ltr'>da</span> <span class='ocrx_word' id='word_1_45' title='bbox 1391 1739 1475 1806; x_wconf 72' lang='lat' dir='ltr'>qua</span> 
     </span>
     <span class='ocr_line' id='line_1_8' title="bbox 382 1815 1108 1909; baseline 0.004 -26"><span class='ocrx_word' id='word_1_46' title='bbox 382 1889 386 1899; x_wconf 59' lang='grc'><strong>,</strong></span> <span class='ocrx_word' id='word_1_47' title='bbox 516 1815 600 1884; x_wconf 80' lang='lat' dir='ltr'>dom</span> <span class='ocrx_word' id='word_1_48' title='bbox 622 1824 714 1886; x_wconf 78' lang='lat' dir='ltr'>terra</span> <span class='ocrx_word' id='word_1_49' title='bbox 737 1819 834 1908; x_wconf 79' lang='lat' dir='ltr'>apud</span> <span class='ocrx_word' id='word_1_50' title='bbox 862 1819 1108 1909; x_wconf 74' lang='lat' dir='ltr'>Wycelcwrtbe.</span> 
     </span>
    </p>
   </div>
   <div class='ocr_carea' id='block_1_5' title="bbox 255 1931 1475 4164">
    <p class='ocr_par' dir='ltr' id='par_1_5' title="bbox 256 1931 1475 4164">
     <span class='ocr_line' id='line_1_9' title="bbox 256 1931 1475 2049; baseline 0.004 -54.004"><span class='ocrx_word' id='word_1_51' title='bbox 256 1932 308 2048; x_wconf 59' lang='lat' dir='ltr'>qui</span> <span class='ocrx_word' id='word_1_52' title='bbox 309 1939 319 1982; x_wconf 82' lang='lat' dir='ltr'>t</span> <span class='ocrx_word' id='word_1_53' title='bbox 330 1931 405 2049; x_wconf 66' lang='lat' dir='ltr'>claun</span> <span class='ocrx_word' id='word_1_54' title='bbox 470 1931 586 1998; x_wconf 84' lang='lat' dir='ltr'>Sciant</span> <span class='ocrx_word' id='word_1_55' title='bbox 608 1941 787 2019; x_wconf 76' lang='lat' dir='ltr'>praesentes</span> <span class='ocrx_word' id='word_1_56' title='bbox 809 1939 844 2002; x_wconf 88' lang='lat' dir='ltr'>et</span> <span class='ocrx_word' id='word_1_57' title='bbox 866 1935 980 2014; x_wconf 82' lang='lat' dir='ltr'>futuri,</span> <span class='ocrx_word' id='word_1_58' title='bbox 996 1936 1085 2023; x_wconf 90' lang='lat' dir='ltr'>quod</span> <span class='ocrx_word' id='word_1_59' title='bbox 1108 1957 1167 2024; x_wconf 86' lang='lat' dir='ltr'>ego</span> <span class='ocrx_word' id='word_1_60' title='bbox 1189 1935 1362 2012; x_wconf 81' lang='lat' dir='ltr'>Robertuo,</span> <span class='ocrx_word' id='word_1_61' title='bbox 1387 1935 1475 2001; x_wconf 83' lang='lat' dir='ltr'>filius</span> 
     </span>
     <span class='ocr_line' id='line_1_10' title="bbox 256 1999 1473 2120; baseline 0.004 -23"><span class='ocrx_word' id='word_1_62' title='bbox 256 1999 357 2116; x_wconf 50' lang='lat' dir='ltr'>winkil</span> <span class='ocrx_word' id='word_1_63' title='bbox 368 2017 551 2120; x_wconf 81' lang='lat' dir='ltr'>¹¹¹Pagani</span> <span class='ocrx_word' id='word_1_64' title='bbox 574 2034 615 2100; x_wconf 89' lang='lat' dir='ltr'>de</span> <span class='ocrx_word' id='word_1_65' title='bbox 638 2034 671 2100; x_wconf 90' lang='lat' dir='ltr'>la</span> <span class='ocrx_word' id='word_1_66' title='bbox 694 2035 788 2118; x_wconf 86' lang='lat' dir='ltr'>Lcea,</span> <span class='ocrx_word' id='word_1_67' title='bbox 811 2035 973 2104; x_wconf 85' lang='lat' dir='ltr'>Ricardus</span> <span class='ocrx_word' id='word_1_68' title='bbox 995 2036 1116 2118; x_wconf 87' lang='lat' dir='ltr'>Parfet</span> <span class='ocrx_word' id='word_1_69' title='bbox 1137 2037 1255 2103; x_wconf 88' lang='lat' dir='ltr'>Petrus</span> <span class='ocrx_word' id='word_1_70' title='bbox 1278 2037 1318 2103; x_wconf 88' lang='lat' dir='ltr'>de</span> <span class='ocrx_word' id='word_1_71' title='bbox 1343 2035 1473 2115; x_wconf 82' lang='lat' dir='ltr'>Estone,</span> 
     </span>
     <span class='ocr_line' id='line_1_11' title="bbox 255 2132 1473 2226; baseline 0.003 -26.08"><span class='ocrx_word' id='word_1_72' title='bbox 255 2132 344 2182; x_wconf 44' lang='lat' dir='ltr'>morth</span> <span class='ocrx_word' id='word_1_73' title='bbox 425 2135 605 2221; x_wconf 82' lang='lat' dir='ltr'>Wybertua</span> <span class='ocrx_word' id='word_1_74' title='bbox 629 2137 669 2202; x_wconf 90' lang='lat' dir='ltr'>de</span> <span class='ocrx_word' id='word_1_75' title='bbox 692 2137 900 2218; x_wconf 83' lang='lat' dir='ltr'>Chorletone,</span> <span class='ocrx_word' id='word_1_76' title='bbox 915 2139 1101 2204; x_wconf 82' lang='lat' dir='ltr'>remisimus</span> <span class='ocrx_word' id='word_1_77' title='bbox 1124 2145 1159 2205; x_wconf 87' lang='lat' dir='ltr'>et</span> <span class='ocrx_word' id='word_1_78' title='bbox 1180 2139 1330 2226; x_wconf 90' lang='lat' dir='ltr'>quietum</span> <span class='ocrx_word' id='word_1_79' title='bbox 1353 2139 1473 2204; x_wconf 91' lang='lat' dir='ltr'>clama-</span> 
     </span>
     <span class='ocr_line' id='line_1_12' title="bbox 424 2238 1473 2325; baseline 0.002 -23"><span class='ocrx_word' id='word_1_80' title='bbox 424 2239 542 2318; x_wconf 82' lang='lat' dir='ltr'>vimus,</span> <span class='ocrx_word' id='word_1_81' title='bbox 565 2260 623 2325; x_wconf 92' lang='lat' dir='ltr'>pro</span> <span class='ocrx_word' id='word_1_82' title='bbox 647 2238 741 2304; x_wconf 88' lang='lat' dir='ltr'>nobis</span> <span class='ocrx_word' id='word_1_83' title='bbox 764 2245 800 2304; x_wconf 90' lang='lat' dir='ltr'>et</span> <span class='ocrx_word' id='word_1_84' title='bbox 821 2239 997 2306; x_wconf 84' lang='lat' dir='ltr'>heredibus</span> <span class='ocrx_word' id='word_1_85' title='bbox 1027 2240 1148 2306; x_wconf 78' lang='lat' dir='ltr'>nostris</span> <span class='ocrx_word' id='word_1_86' title='bbox 1179 2247 1213 2306; x_wconf 89' lang='lat' dir='ltr'>et</span> <span class='ocrx_word' id='word_1_87' title='bbox 1239 2241 1392 2306; x_wconf 83' lang='lat' dir='ltr'>omnibus</span> <span class='ocrx_word' id='word_1_88' title='bbox 1414 2239 1473 2305; x_wconf 94' lang='lat' dir='ltr'>ho-</span> 
     </span>
     <span class='ocr_line' id='line_1_13' title="bbox 423 2340 1472 2428; baseline 0.002 -24"><span class='ocrx_word' id='word_1_89' title='bbox 423 2341 568 2406; x_wconf 83' lang='lat' dir='ltr'>minibus</span> <span class='ocrx_word' id='word_1_90' title='bbox 591 2340 712 2406; x_wconf 81' lang='lat' dir='ltr'>nostris</span> <span class='ocrx_word' id='word_1_91' title='bbox 728 2341 981 2428; x_wconf 77' lang='lat' dir='ltr'>imperpetuum,</span> <span class='ocrx_word' id='word_1_92' title='bbox 998 2341 1140 2407; x_wconf 82' lang='lat' dir='ltr'>dominis</span> <span class='ocrx_word' id='word_1_93' title='bbox 1162 2341 1283 2408; x_wconf 80' lang='lat' dir='ltr'>nostrie</span> <span class='ocrx_word' id='word_1_94' title='bbox 1305 2341 1472 2406; x_wconf 90' lang='lat' dir='ltr'>Willelmo</span> 
     </span>
     <span class='ocr_line' id='line_1_14' title="bbox 422 2442 1473 2522; baseline 0.001 -14"><span class='ocrx_word' id='word_1_95' title='bbox 422 2442 536 2509; x_wconf 90' lang='lat' dir='ltr'>abbati</span> <span class='ocrx_word' id='word_1_96' title='bbox 559 2447 594 2508; x_wconf 91' lang='lat' dir='ltr'>et</span> <span class='ocrx_word' id='word_1_97' title='bbox 616 2443 793 2508; x_wconf 86' lang='lat' dir='ltr'>conventui</span> <span class='ocrx_word' id='word_1_98' title='bbox 818 2443 858 2508; x_wconf 93' lang='lat' dir='ltr'>de</span> <span class='ocrx_word' id='word_1_99' title='bbox 890 2443 1132 2522; x_wconf 86' lang='lat' dir='ltr'>Malmcsburia,</span> <span class='ocrx_word' id='word_1_100' title='bbox 1156 2449 1325 2510; x_wconf 89' lang='lat' dir='ltr'>eteorum</span> <span class='ocrx_word' id='word_1_101' title='bbox 1349 2465 1473 2509; x_wconf 83' lang='lat' dir='ltr'>sueces-</span> 
     </span>
     <span class='ocr_line' id='line_1_15' title="bbox 422 2545 1471 2630; baseline 0.003 -21"><span class='ocrx_word' id='word_1_102' title='bbox 422 2545 558 2622; x_wconf 73' lang='lat' dir='ltr'>soribua</span> <span class='ocrx_word' id='word_1_103' title='bbox 582 2545 733 2610; x_wconf 91' lang='lat' dir='ltr'>totum&#39;</span> <span class='ocrx_word' id='word_1_104' title='bbox 719 2567 777 2630; x_wconf 82' lang='lat' dir='ltr'>Jua</span> <span class='ocrx_word' id='word_1_105' title='bbox 807 2549 842 2610; x_wconf 90' lang='lat' dir='ltr'>et</span> <span class='ocrx_word' id='word_1_106' title='bbox 872 2545 1094 2622; x_wconf 87' lang='lat' dir='ltr'>olamium,te</span> <span class='ocrx_word' id='word_1_107' title='bbox 1079 2549 1229 2612; x_wconf 84' lang='lat' dir='ltr'>ttotam</span> <span class='ocrx_word' id='word_1_108' title='bbox 1264 2566 1471 2614; x_wconf 75' lang='lat' dir='ltr'>communem</span> 
     </span>
     <span class='ocr_line' id='line_1_16' title="bbox 423 2628 1471 2734; baseline 0.002 -24"><span class='ocrx_word' id='word_1_109' title='bbox 423 2667 521 2732; x_wconf 88' lang='lat' dir='ltr'>quam</span> <span class='ocrx_word' id='word_1_110' title='bbox 558 2645 744 2724; x_wconf 78' lang='lat' dir='ltr'>habuimus,</span> <span class='ocrx_word' id='word_1_111' title='bbox 779 2628 834 2712; x_wconf 89' lang='lat' dir='ltr'>vel</span> <span class='ocrx_word' id='word_1_112' title='bbox 871 2645 992 2712; x_wconf 88' lang='lat' dir='ltr'>habere</span> <span class='ocrx_word' id='word_1_113' title='bbox 1030 2647 1208 2734; x_wconf 85' lang='lat' dir='ltr'>potuimus,</span> <span class='ocrx_word' id='word_1_114' title='bbox 1242 2647 1278 2712; x_wconf 88' lang='lat' dir='ltr'>in</span> <span class='ocrx_word' id='word_1_115' title='bbox 1313 2653 1471 2734; x_wconf 89' lang='lat' dir='ltr'>quatuor-</span> 
     </span>
     <span class='ocr_line' id='line_1_17' title="bbox 422 2747 1469 2834; baseline 0.002 -22"><span class='ocrx_word' id='word_1_116' title='bbox 422 2748 527 2813; x_wconf 83' lang='lat' dir='ltr'>decim</span> <span class='ocrx_word' id='word_1_117' title='bbox 559 2748 642 2814; x_wconf 84' lang='lat' dir='ltr'>acris</span> <span class='ocrx_word' id='word_1_118' title='bbox 674 2753 771 2813; x_wconf 85' lang='lat' dir='ltr'>terrae</span> <span class='ocrx_word' id='word_1_119' title='bbox 801 2748 891 2834; x_wconf 88' lang='lat' dir='ltr'>apud</span> <span class='ocrx_word' id='word_1_120' title='bbox 918 2747 1230 2834; x_wconf 86' lang='lat' dir='ltr'>Wynekewrthe,&#39;</span> <span class='ocrx_word' id='word_1_121' title='bbox 1221 2771 1257 2813; x_wconf 90' lang='lat'>111</span> <span class='ocrx_word' id='word_1_122' title='bbox 1287 2748 1346 2813; x_wconf 94' lang='lat' dir='ltr'>illo</span> <span class='ocrx_word' id='word_1_123' title='bbox 1376 2749 1469 2814; x_wconf 90' lang='lat' dir='ltr'>vidc-</span> 
     </span>
     <span class='ocr_line' id='line_1_18' title="bbox 420 2849 1468 2937; baseline 0.003 -24"><span class='ocrx_word' id='word_1_124' title='bbox 420 2850 498 2916; x_wconf 88' lang='lat' dir='ltr'>licet</span> <span class='ocrx_word' id='word_1_125' title='bbox 530 2869 654 2936; x_wconf 82' lang='lat' dir='ltr'>eampo,</span> <span class='ocrx_word' id='word_1_126' title='bbox 687 2850 745 2936; x_wconf 86' lang='lat' dir='ltr'>qui</span> <span class='ocrx_word' id='word_1_127' title='bbox 789 2854 839 2916; x_wconf 85' lang='lat' dir='ltr'>est</span> <span class='ocrx_word' id='word_1_128' title='bbox 871 2849 907 2914; x_wconf 86' lang='lat' dir='ltr'>in</span> <span class='ocrx_word' id='word_1_129' title='bbox 940 2850 1093 2916; x_wconf 87' lang='lat' dir='ltr'>orientali</span> <span class='ocrx_word' id='word_1_130' title='bbox 1127 2856 1222 2936; x_wconf 87' lang='lat' dir='ltr'>parte</span> <span class='ocrx_word' id='word_1_131' title='bbox 1254 2851 1361 2936; x_wconf 83' lang='lat' dir='ltr'>hayae,</span> <span class='ocrx_word' id='word_1_132' title='bbox 1393 2873 1468 2937; x_wconf 79' lang='lat' dir='ltr'>quae</span> 
     </span>
     <span class='ocr_line' id='line_1_19' title="bbox 416 2951 1468 3038; baseline -0.003 -18"><span class='ocrx_word' id='word_1_133' title='bbox 416 2951 506 3037; x_wconf 85' lang='lat' dir='ltr'>jacet</span> <span class='ocrx_word' id='word_1_134' title='bbox 527 2952 621 3018; x_wconf 87' lang='lat' dir='ltr'>inter·</span> <span class='ocrx_word' id='word_1_135' title='bbox 645 2959 768 3020; x_wconf 84' lang='lat' dir='ltr'>terram</span> <span class='ocrx_word' id='word_1_136' title='bbox 798 2952 1031 3038; x_wconf 84' lang='lat' dir='ltr'>praedictorum</span> <span class='ocrx_word' id='word_1_137' title='bbox 1062 2951 1192 3018; x_wconf 88' lang='lat' dir='ltr'>abbatis</span> <span class='ocrx_word' id='word_1_138' title='bbox 1220 2958 1254 3017; x_wconf 90' lang='lat' dir='ltr'>et</span> <span class='ocrx_word' id='word_1_139' title='bbox 1277 2957 1468 3031; x_wconf 71' lang='lat' dir='ltr'>conventura,</span> 
     </span>
     <span class='ocr_line' id='line_1_20' title="bbox 419 3053 1467 3142; baseline 0.004 -26"><span class='ocrx_word' id='word_1_140' title='bbox 419 3059 454 3117; x_wconf 88' lang='lat' dir='ltr'>et</span> <span class='ocrx_word' id='word_1_141' title='bbox 487 3058 608 3120; x_wconf 82' lang='lat' dir='ltr'>terram</span> <span class='ocrx_word' id='word_1_142' title='bbox 643 3053 764 3142; x_wconf 85' lang='lat' dir='ltr'>Rogeri</span> <span class='ocrx_word' id='word_1_143' title='bbox 794 3053 834 3119; x_wconf 90' lang='lat' dir='ltr'>de</span> <span class='ocrx_word' id='word_1_144' title='bbox 870 3053 1075 3131; x_wconf 82' lang='lat' dir='ltr'>Oborletone,</span> <span class='ocrx_word' id='word_1_145' title='bbox 1104 3075 1244 3140; x_wconf 89' lang='lat' dir='ltr'>quarum</span> <span class='ocrx_word' id='word_1_146' title='bbox 1276 3059 1349 3122; x_wconf 85' lang='lat' dir='ltr'>octo</span> <span class='ocrx_word' id='word_1_147' title='bbox 1383 3076 1467 3121; x_wconf 84' lang='lat' dir='ltr'>acrae</span> 
     </span>
     <span class='ocr_line' id='line_1_21' title="bbox 413 3155 1467 3242; baseline -0.002 -20"><span class='ocrx_word' id='word_1_148' title='bbox 413 3155 528 3240; x_wconf 87' lang='lat' dir='ltr'>jacent</span> <span class='ocrx_word' id='word_1_149' title='bbox 550 3178 664 3222; x_wconf 74' lang='lat' dir='ltr'>versuo</span> <span class='ocrx_word' id='word_1_150' title='bbox 694 3161 821 3242; x_wconf 82' lang='lat' dir='ltr'>partem</span> <span class='ocrx_word' id='word_1_151' title='bbox 852 3155 1040 3234; x_wconf 86' lang='lat' dir='ltr'>australem,</span> <span class='ocrx_word' id='word_1_152' title='bbox 1065 3161 1099 3222; x_wconf 87' lang='lat' dir='ltr'>et</span> <span class='ocrx_word' id='word_1_153' title='bbox 1129 3156 1317 3222; x_wconf 88' lang='lat' dir='ltr'>extendunt</span> <span class='ocrx_word' id='word_1_154' title='bbox 1338 3179 1372 3222; x_wconf 84' lang='lat' dir='ltr'>sc</span> <span class='ocrx_word' id='word_1_155' title='bbox 1395 3180 1467 3222; x_wconf 87' lang='lat' dir='ltr'>vcr-</span> 
     </span>
     <span class='ocr_line' id='line_1_22' title="bbox 417 3259 1464 3346; baseline 0.002 -24"><span class='ocrx_word' id='word_1_156' title='bbox 417 3281 472 3324; x_wconf 83' lang='lat' dir='ltr'>sua</span> <span class='ocrx_word' id='word_1_157' title='bbox 495 3265 624 3346; x_wconf 89' lang='lat' dir='ltr'>partem</span> <span class='ocrx_word' id='word_1_158' title='bbox 645 3259 869 3346; x_wconf 73' lang='lat' dir='ltr'>aquilonarem</span> <span class='ocrx_word' id='word_1_159' title='bbox 881 3283 888 3339; x_wconf 92' lang='lat'>;</span> <span class='ocrx_word' id='word_1_160' title='bbox 912 3265 947 3326; x_wconf 89' lang='lat' dir='ltr'>ct</span> <span class='ocrx_word' id='word_1_161' title='bbox 968 3281 1028 3326; x_wconf 85' lang='lat' dir='ltr'>aex</span> <span class='ocrx_word' id='word_1_162' title='bbox 1050 3281 1135 3326; x_wconf 84' lang='lat' dir='ltr'>acrae</span> <span class='ocrx_word' id='word_1_163' title='bbox 1153 3259 1269 3346; x_wconf 89' lang='lat' dir='ltr'>jacent</span> <span class='ocrx_word' id='word_1_164' title='bbox 1292 3260 1329 3326; x_wconf 89' lang='lat' dir='ltr'>in</span> <span class='ocrx_word' id='word_1_165' title='bbox 1350 3259 1464 3326; x_wconf 89' lang='lat' dir='ltr'>eodem</span> 
     </span>
     <span class='ocr_line' id='line_1_23' title="bbox 416 3361 1463 3450; baseline -0.004 -21"><span class='ocrx_word' id='word_1_166' title='bbox 416 3382 538 3448; x_wconf 82' lang='lat' dir='ltr'>eampo,</span> <span class='ocrx_word' id='word_1_167' title='bbox 580 3368 614 3428; x_wconf 88' lang='lat' dir='ltr'>et</span> <span class='ocrx_word' id='word_1_168' title='bbox 652 3363 838 3428; x_wconf 84' lang='lat' dir='ltr'>extendunt</span> <span class='ocrx_word' id='word_1_169' title='bbox 875 3384 909 3427; x_wconf 83' lang='lat' dir='ltr'>se</span> <span class='ocrx_word' id='word_1_170' title='bbox 947 3361 990 3429; x_wconf 91' lang='lat' dir='ltr'>ab</span> <span class='ocrx_word' id='word_1_171' title='bbox 1034 3362 1124 3449; x_wconf 80' lang='lat' dir='ltr'>haya</span> <span class='ocrx_word' id='word_1_172' title='bbox 1154 3361 1316 3450; x_wconf 86' lang='lat' dir='ltr'>praedicta</span> <span class='ocrx_word' id='word_1_173' title='bbox 1347 3383 1463 3426; x_wconf 84' lang='lat' dir='ltr'>versus</span> 
     </span>
     <span class='ocr_line' id='line_1_24' title="bbox 415 3462 1463 3552; baseline 0 -24"><span class='ocrx_word' id='word_1_174' title='bbox 415 3463 595 3530; x_wconf 75' lang='lat' dir='ltr'>orientem:</span> <span class='ocrx_word' id='word_1_175' title='bbox 632 3463 819 3532; x_wconf 88' lang='lat' dir='ltr'>habendam</span> <span class='ocrx_word' id='word_1_176' title='bbox 851 3468 886 3530; x_wconf 89' lang='lat' dir='ltr'>et</span> <span class='ocrx_word' id='word_1_177' title='bbox 917 3464 1095 3530; x_wconf 88' lang='lat' dir='ltr'>tenendam</span> <span class='ocrx_word' id='word_1_178' title='bbox 1132 3468 1239 3530; x_wconf 88' lang='lat' dir='ltr'>totam</span> <span class='ocrx_word' id='word_1_179' title='bbox 1270 3462 1463 3552; x_wconf 79' lang='lat' dir='ltr'>praedictam</span> 
     </span>
     <span class='ocr_line' id='line_1_25' title="bbox 415 3565 1464 3654; baseline -0.004 -22"><span class='ocrx_word' id='word_1_180' title='bbox 415 3571 544 3644; x_wconf 87' lang='lat' dir='ltr'>terram,</span> <span class='ocrx_word' id='word_1_181' title='bbox 570 3586 645 3634; x_wconf 89' lang='lat' dir='ltr'>cum</span> <span class='ocrx_word' id='word_1_182' title='bbox 675 3570 748 3633; x_wconf 80' lang='lat' dir='ltr'>tota</span> <span class='ocrx_word' id='word_1_183' title='bbox 777 3587 960 3645; x_wconf 86' lang='lat' dir='ltr'>communa,</span> <span class='ocrx_word' id='word_1_184' title='bbox 991 3565 1158 3654; x_wconf 85' lang='lat' dir='ltr'>praedictis</span> <span class='ocrx_word' id='word_1_185' title='bbox 1189 3565 1305 3632; x_wconf 87' lang='lat' dir='ltr'>abbati</span> <span class='ocrx_word' id='word_1_186' title='bbox 1331 3569 1366 3632; x_wconf 89' lang='lat' dir='ltr'>ct</span> <span class='ocrx_word' id='word_1_187' title='bbox 1388 3585 1464 3633; x_wconf 88' lang='lat' dir='ltr'>oon-</span> 
     </span>
     <span class='ocr_line' id='line_1_26' title="bbox 414 3667 1466 3755; baseline -0.001 -22"><span class='ocrx_word' id='word_1_188' title='bbox 414 3669 531 3736; x_wconf 84' lang='lat' dir='ltr'>veutui</span> <span class='ocrx_word' id='word_1_189' title='bbox 554 3673 589 3734; x_wconf 90' lang='lat' dir='ltr'>ct</span> <span class='ocrx_word' id='word_1_190' title='bbox 611 3689 724 3736; x_wconf 87' lang='lat' dir='ltr'>eorum</span> <span class='ocrx_word' id='word_1_191' title='bbox 746 3668 986 3736; x_wconf 80' lang='lat' dir='ltr'>successoribus</span> <span class='ocrx_word' id='word_1_192' title='bbox 1016 3690 1076 3755; x_wconf 92' lang='lat' dir='ltr'>pro</span> <span class='ocrx_word' id='word_1_193' title='bbox 1106 3667 1202 3736; x_wconf 82' lang='lat' dir='ltr'>nobis</span> <span class='ocrx_word' id='word_1_194' title='bbox 1224 3674 1260 3736; x_wconf 86' lang='lat' dir='ltr'>et</span> <span class='ocrx_word' id='word_1_195' title='bbox 1289 3667 1466 3734; x_wconf 80' lang='lat' dir='ltr'>heredibus</span> 
     </span>
     <span class='ocr_line' id='line_1_27' title="bbox 413 3768 1464 3858; baseline -0.002 -23"><span class='ocrx_word' id='word_1_196' title='bbox 413 3771 543 3850; x_wconf 82' lang='lat' dir='ltr'>nostris,</span> <span class='ocrx_word' id='word_1_197' title='bbox 567 3776 601 3838; x_wconf 88' lang='lat' dir='ltr'>et</span> <span class='ocrx_word' id='word_1_198' title='bbox 623 3769 814 3838; x_wconf 85' lang='lat' dir='ltr'>hominibus</span> <span class='ocrx_word' id='word_1_199' title='bbox 846 3769 977 3848; x_wconf 83' lang='lat' dir='ltr'>nostris,</span> <span class='ocrx_word' id='word_1_200' title='bbox 1009 3769 1147 3836; x_wconf 90' lang='lat' dir='ltr'>liberam</span> <span class='ocrx_word' id='word_1_201' title='bbox 1176 3773 1210 3835; x_wconf 90' lang='lat' dir='ltr'>et</span> <span class='ocrx_word' id='word_1_202' title='bbox 1240 3770 1388 3858; x_wconf 88' lang='lat' dir='ltr'>quietam</span> <span class='ocrx_word' id='word_1_203' title='bbox 1420 3768 1464 3834; x_wconf 90' lang='lat' dir='ltr'>ab</span> 
     </span>
     <span class='ocr_line' id='line_1_28' title="bbox 414 3870 1465 3962; baseline 0.001 -26"><span class='ocrx_word' id='word_1_204' title='bbox 414 3873 505 3937; x_wconf 90' lang='lat' dir='ltr'>omni</span> <span class='ocrx_word' id='word_1_205' title='bbox 542 3873 718 3939; x_wconf 85' lang='lat' dir='ltr'>vexatione</span> <span class='ocrx_word' id='word_1_206' title='bbox 757 3879 792 3939; x_wconf 93' lang='lat' dir='ltr'>et</span> <span class='ocrx_word' id='word_1_207' title='bbox 828 3870 1061 3940; x_wconf 74' lang='lat' dir='ltr'>reclamatione</span> <span class='ocrx_word' id='word_1_208' title='bbox 1098 3873 1352 3962; x_wconf 87' lang='lat' dir='ltr'>imperpetuum.</span> <span class='ocrx_word' id='word_1_209' title='bbox 1409 3871 1465 3937; x_wconf 91' lang='lat' dir='ltr'>Ita</span> 
     </span>
     <span class='ocr_line' id='line_1_29' title="bbox 413 3974 1462 4062; baseline -0.004 -21"><span class='ocrx_word' id='word_1_210' title='bbox 413 3976 502 4062; x_wconf 91' lang='lat' dir='ltr'>quod</span> <span class='ocrx_word' id='word_1_211' title='bbox 524 3997 673 4054; x_wconf 79' lang='lat' dir='ltr'>nocuos,</span> <span class='ocrx_word' id='word_1_212' title='bbox 700 3997 761 4044; x_wconf 90' lang='lat' dir='ltr'>nec</span> <span class='ocrx_word' id='word_1_213' title='bbox 790 3974 911 4061; x_wconf 83' lang='lat' dir='ltr'>aliquis</span> <span class='ocrx_word' id='word_1_214' title='bbox 945 3975 1102 4042; x_wconf 88' lang='lat' dir='ltr'>heredum</span> <span class='ocrx_word' id='word_1_215' title='bbox 1135 3975 1190 4041; x_wconf 85' lang='lat' dir='ltr'>vel</span> <span class='ocrx_word' id='word_1_216' title='bbox 1221 3975 1462 4062; x_wconf 75' lang='lat' dir='ltr'>assignatorum</span> 
     </span>
     <span class='ocr_line' id='line_1_30' title="bbox 413 4075 1464 4164; baseline 0 -22"><span class='ocrx_word' id='word_1_217' title='bbox 413 4099 471 4144; x_wconf 82' lang='lat' dir='ltr'>seu</span> <span class='ocrx_word' id='word_1_218' title='bbox 493 4078 594 4145; x_wconf 89' lang='lat' dir='ltr'>etiam</span> <span class='ocrx_word' id='word_1_219' title='bbox 625 4078 796 4146; x_wconf 90' lang='lat' dir='ltr'>hominum</span> <span class='ocrx_word' id='word_1_220' title='bbox 827 4083 1025 4156; x_wconf 78' lang='lat' dir='ltr'>nostrorum,</span> <span class='ocrx_word' id='word_1_221' title='bbox 1052 4077 1180 4164; x_wconf 89' lang='lat' dir='ltr'>aliquid</span> <span class='ocrx_word' id='word_1_222' title='bbox 1206 4077 1293 4164; x_wconf 87' lang='lat' dir='ltr'>juris</span> <span class='ocrx_word' id='word_1_223' title='bbox 1315 4075 1369 4142; x_wconf 89' lang='lat' dir='ltr'>vel</span> <span class='ocrx_word' id='word_1_224' title='bbox 1400 4075 1464 4142; x_wconf 87' lang='lat' dir='ltr'>cla·</span> 
     </span>
    </p>
   </div>
   <div class='ocr_carea' id='block_1_6' title="bbox 410 4177 1464 4678">
    <p class='ocr_par' dir='ltr' id='par_1_6' title="bbox 410 4177 1464 4678">
     <span class='ocr_line' id='line_1_31' title="bbox 411 4177 1464 4268; baseline -0.001 -24"><span class='ocrx_word' id='word_1_225' title='bbox 411 4181 480 4262; x_wconf 90' lang='lat' dir='ltr'>mii,</span> <span class='ocrx_word' id='word_1_226' title='bbox 504 4181 558 4246; x_wconf 89' lang='lat' dir='ltr'>vel</span> <span class='ocrx_word' id='word_1_227' title='bbox 581 4181 682 4246; x_wconf 89' lang='lat' dir='ltr'>etiam</span> <span class='ocrx_word' id='word_1_228' title='bbox 708 4179 854 4268; x_wconf 89' lang='lat' dir='ltr'>aliquam</span> <span class='ocrx_word' id='word_1_229' title='bbox 884 4195 1094 4248; x_wconf 77' lang='lat' dir='ltr'>communem</span> <span class='ocrx_word' id='word_1_230' title='bbox 1123 4180 1161 4245; x_wconf 91' lang='lat' dir='ltr'>in</span> <span class='ocrx_word' id='word_1_231' title='bbox 1191 4177 1359 4266; x_wconf 84' lang='lat' dir='ltr'>praedictis</span> <span class='ocrx_word' id='word_1_232' title='bbox 1382 4198 1464 4264; x_wconf 89' lang='lat' dir='ltr'>qua-</span> 
     </span>
     <span class='ocr_line' id='line_1_32' title="bbox 412 4282 1463 4370; baseline -0.004 -22"><span class='ocrx_word' id='word_1_233' title='bbox 412 4284 594 4352; x_wconf 84' lang='lat' dir='ltr'>tuordecim</span> <span class='ocrx_word' id='word_1_234' title='bbox 617 4284 701 4350; x_wconf 84' lang='lat' dir='ltr'>acris</span> <span class='ocrx_word' id='word_1_235' title='bbox 723 4283 818 4350; x_wconf 85' lang='lat' dir='ltr'>nobis</span> <span class='ocrx_word' id='word_1_236' title='bbox 833 4283 1008 4350; x_wconf 85' lang='lat' dir='ltr'>vendicare</span> <span class='ocrx_word' id='word_1_237' title='bbox 1032 4282 1194 4370; x_wconf 83' lang='lat' dir='ltr'>possimus</span> <span class='ocrx_word' id='word_1_238' title='bbox 1209 4282 1463 4368; x_wconf 88' lang='lat' dir='ltr'>imperpetuum.</span> 
     </span>
     <span class='ocr_line' id='line_1_33' title="bbox 411 4384 1464 4454; baseline 0.001 -5"><span class='ocrx_word' id='word_1_239' title='bbox 411 4384 544 4452; x_wconf 87' lang='lat' dir='ltr'>Debent</span> <span class='ocrx_word' id='word_1_240' title='bbox 566 4386 667 4452; x_wconf 91' lang='lat' dir='ltr'>etiam</span> <span class='ocrx_word' id='word_1_241' title='bbox 691 4386 772 4452; x_wconf 81' lang='lat' dir='ltr'>dicti</span> <span class='ocrx_word' id='word_1_242' title='bbox 795 4386 896 4454; x_wconf 73' lang='lat' dir='ltr'>abbas</span> <span class='ocrx_word' id='word_1_243' title='bbox 927 4392 961 4451; x_wconf 84' lang='lat' dir='ltr'>at</span> <span class='ocrx_word' id='word_1_244' title='bbox 991 4392 1174 4452; x_wconf 87' lang='lat' dir='ltr'>conventus</span> <span class='ocrx_word' id='word_1_245' title='bbox 1197 4390 1231 4450; x_wconf 89' lang='lat' dir='ltr'>et</span> <span class='ocrx_word' id='word_1_246' title='bbox 1253 4405 1368 4451; x_wconf 89' lang='lat' dir='ltr'>eorum</span> <span class='ocrx_word' id='word_1_247' title='bbox 1390 4405 1464 4450; x_wconf 84' lang='lat' dir='ltr'>suc·</span> 
     </span>
     <span class='ocr_line' id='line_1_34' title="bbox 411 4483 1463 4574; baseline -0.005 -20"><span class='ocrx_word' id='word_1_248' title='bbox 411 4508 551 4554; x_wconf 80' lang='lat' dir='ltr'>cessores</span> <span class='ocrx_word' id='word_1_249' title='bbox 582 4489 704 4555; x_wconf 85' lang='lat' dir='ltr'>dictam</span> <span class='ocrx_word' id='word_1_250' title='bbox 734 4493 857 4554; x_wconf 82' lang='lat' dir='ltr'>terram</span> <span class='ocrx_word' id='word_1_251' title='bbox 887 4487 1063 4566; x_wconf 80' lang='lat' dir='ltr'>includere,</span> <span class='ocrx_word' id='word_1_252' title='bbox 1094 4488 1225 4566; x_wconf 79' lang='lat' dir='ltr'>fossore,</span> <span class='ocrx_word' id='word_1_253' title='bbox 1251 4493 1286 4552; x_wconf 89' lang='lat' dir='ltr'>et</span> <span class='ocrx_word' id='word_1_254' title='bbox 1308 4483 1463 4574; x_wconf 84' lang='lat' dir='ltr'>sepibus¹</span> 
     </span>
     <span class='ocr_line' id='line_1_35' title="bbox 410 4589 1225 4678; baseline 0.002 -24"><span class='ocrx_word' id='word_1_255' title='bbox 410 4591 549 4669; x_wconf 91' lang='lat' dir='ltr'>munire,</span> <span class='ocrx_word' id='word_1_256' title='bbox 571 4591 658 4656; x_wconf 87' lang='lat' dir='ltr'>siout</span> <span class='ocrx_word' id='word_1_257' title='bbox 680 4589 728 4656; x_wconf 83' lang='lat' dir='ltr'>eia</span> <span class='ocrx_word' id='word_1_258' title='bbox 750 4591 868 4656; x_wconf 83' lang='lat' dir='ltr'>melius</span> <span class='ocrx_word' id='word_1_259' title='bbox 891 4591 1039 4656; x_wconf 87' lang='lat' dir='ltr'>viderint</span> <span class='ocrx_word' id='word_1_260' title='bbox 1060 4591 1225 4678; x_wconf 84' lang='lat' dir='ltr'>expedire.</span> 
     </span>
    </p>
   </div>
   <div class='ocr_carea' id='block_1_7' title="bbox 959 4727 1456 4740">
    <p class='ocr_par' dir='ltr' id='par_1_7' title="bbox 959 4727 1456 4740">
     <span class='ocr_line' id='line_1_36' title="bbox 959 4727 1456 4740; baseline -0.004 -2"><span class='ocrx_word' id='word_1_261' title='bbox 959 4732 1053 4740; x_wconf 77' lang='lat'>--—.</span> <span class='ocrx_word' id='word_1_262' title='bbox 1364 4727 1456 4736; x_wconf 77' lang='lat'>————</span> 
     </span>
    </p>
   </div>
   <div class='ocr_carea' id='block_1_8' title="bbox 819 4813 1039 4880">
    <p class='ocr_par' dir='ltr' id='par_1_8' title="bbox 819 4813 1039 4880">
     <span class='ocr_line' id='line_1_37' title="bbox 819 4813 1039 4880; baseline 0.014 -16"><span class='ocrx_word' id='word_1_263' title='bbox 819 4814 826 4846; x_wconf 88' lang='lat'>¹</span> <span class='ocrx_word' id='word_1_264' title='bbox 843 4816 934 4880; x_wconf 69' lang='lat' dir='ltr'>sepiar,</span> <span class='ocrx_word' id='word_1_265' title='bbox 945 4819 971 4865; x_wconf 89' lang='lat' dir='ltr'>in</span> <span class='ocrx_word' id='word_1_266' title='bbox 982 4813 1039 4867; x_wconf 82' lang='lat' dir='ltr'>MS.</span> 
     </span>
    </p>
   </div>
   <div class='ocr_carea' id='block_1_9' title="bbox 0 0 1788 5820">
    <p class='ocr_par' dir='ltr' id='par_1_9' title="bbox 0 0 1788 5820">
     <span class='ocr_line' id='line_1_38' title="bbox 0 0 1788 5820; baseline 0 7"><span class='ocrx_word' id='word_1_267' title='bbox 0 0 1788 5820; x_wconf 95' lang='lat' dir='ltr'> </span> 
     </span>
    </p>
   </div>
  </div>
 </body>
</html>
