3526 5810
433 857 496 922 286
684 871 883 922 sacramur
906 868 1230 920 mnumennmrsn

822 1172 904 1240 Car.
927 1171 1100 1240 OOCCVI.

681 1327 789 1392 ,Carta
814 1325 949 1392 Roberta'
973 1325 1013 1392 dc
1035 1324 1214 1412 Hoyaooda

262 1482 409 1534 [recusato
476 1479 638 1544 Omnibus
662 1478 788 1545 Christi
820 1476 973 1544 fidelibus
996 1499 1140 1565 praesens
1171 1479 1332 1564 scriptum
1364 1480 1483 1544 visuris

261 1549 399 1666 32:212*ss
429 1582 481 1646 vel
505 1581 679 1660 audituris,
703 1580 867 1646 Robertus
891 1582 931 1647 de
955 1580 1138 1666 Haywode,
1162 1581 1303 1646 salutem
1325 1585 1481 1648 aeternam

152 1692 159 1706 '
261 1681 397 1798 pucino
430 1685 465 1748 in
489 1683 640 1749 Domino.
684 1684 826 1748 Noverit
848 1684 1049 1748 universitas
1071 1689 1183 1748 vestra
1205 1705 1257 1749 me
1280 1686 1482 1762 concessisse,

261 1765 350 1866 mxl,
430 1809 489 1874 pro
512 1809 564 1852 me
587 1792 622 1853 et
643 1786 820 1852 heredibus
843 1787 935 1867 meis,
959 1786 1092 1851 domino
1116 1785 1284 1852 Willelmo
1305 1787 1420 1852 abbati
1443 1787 1483 1852 de

431 1890 672 1966 Malmesburia,
704 1894 740 1954 et
776 1889 924 1975 ejusdem
968 1888 1032 1954 loci
1068 1889 1257 1966 conventui,
1295 1889 1383 1974 quod
1421 1891 1483 1974 ipsi

430 1991 631 2058 habeantet
654 1995 792 2056 teneant
815 1989 949 2076 pacifice
983 1991 1236 2076 imperpetuum,
1269 1996 1357 2056 totas
1380 1997 1482 2056 terras

430 2099 517 2184 ipsos
540 2097 694 2162 abbatem
718 2101 752 2162 et
779 2099 980 2160 conventum
1003 2095 1232 2181 contingentes
1254 2095 1291 2160 in
1314 2094 1350 2160 la
1372 2094 1483 2162 Roue-

429 2221 540 2276 mersc,
574 2199 611 2263 in
632 2203 726 2284 parte
749 2197 888 2264 australi
922 2203 958 2263 et
984 2197 1138 2262 orientali
1161 2198 1202 2262 de
1236 2197 1272 2262 lo
1304 2198 1483 2285 Grosmofte

430 2303 471 2368 de
495 2300 724 2387 Fouleswyke,
747 2321 913 2366 unacum
936 2298 996 2364 illa
1017 2299 1151 2366 brechia
1174 2321 1248 2385 qma
1279 2299 1346 2366 fuit
1368 2301 1483 2366 Aliciae

430 2404 464 2471 la
479 2405 637 2470 Paumere
660 2403 701 2468 de
717 2401 895 2488 Alyntonc,
919 2423 995 2467 cum
1017 2401 1171 2468 omnibus
1192 2401 1366 2468 dominicis
1388 2404 1483 2468 terris

431 2507 663 2593 praedictorum
686 2505 817 2570 abbatis
841 2509 875 2569 et
898 2509 1080 2570 conventus
1113 2505 1218 2570 eidem
1253 2505 1394 2570 brechire
1425 2506 1483 2570 ad-

428 2607 624 2696 jacentibus,
646 2609 690 2674 ab
712 2607 835 2694 angulo
858 2605 1044 2692 aquilonari
1068 2606 1181 2673 croftas
1204 2607 1244 2671 de
1264 2607 1482 2693 Fouleswyke

432 2735 506 2798 quae
539 2711 725 2798 appellatur
748 2710 777 2775 le
800 2709 916 2786 Iubet,
953 2711 1076 2776 directe
1108 2731 1212 2795 usque
1243 2710 1286 2774 ad
1318 2711 1482 2797 spinetum

432 2816 472 2880 de
496 2814 651 2892 Yattone,
667 2835 735 2877 una
757 2834 831 2878 cum
855 2812 921 2876 illis
945 2812 1052 2877 tribus
1075 2813 1159 2877 acris
1180 2817 1276 2878 terrae
1292 2817 1326 2878 et
1348 2812 1484 2878 dimidia

432 2918 475 2983 ad
498 2921 627 3004 portam
651 2916 691 2982 de
720 2915 940 3001 Fouleswyke
962 2935 1061 3001 super
1083 2914 1119 2979 la
1134 2915 1280 2991 Boumaa
1312 2937 1381 2981 una
1411 2938 1482 2982 cum

432 3021 490 3085 illa
512 3019 646 3086 brechia
668 3041 742 3104 quae
764 3019 856 3104 jacet
878 3019 966 3083 inter
997 3017 1165 3083 brechiam
1201 3016 1360 3083 Willelmi
1392 3019 1485 3084 Leos-

432 3129 526 3187 stone
548 3127 583 3187 et
605 3120 768 3186 Johannis
791 3120 821 3184 le
846 3119 949 3206 Kyng
971 3120 1006 3184 in
1039 3125 1134 3205 parte
1165 3121 1312 3198 australi,
1336 3127 1371 3187 et
1404 3123 1484 3188 crof-

433 3232 484 3290 tes
508 3225 588 3290 Evae
611 3225 651 3289 de
666 3224 700 3288 la
715 3223 820 3288 Mersa
843 3224 879 3287 in
902 3227 995 3308 parte
1018 3222 1211 3307 aquilonari,
1227 3229 1262 3290 et
1277 3224 1430 3290 extendit
1452 3247 1484 3290 se

432 3329 468 3392 in
491 3332 584 3412 parte
607 3324 760 3390 orientali
783 3345 881 3410 super
904 3328 1043 3390 stratam
1059 3322 1225 3410 publicam
1248 3347 1322 3410 quae
1342 3326 1484 3412 appella-

433 3437 489 3496 tur
511 3428 722 3512 Batheweye‚
754 3432 790 3492 et
811 3426 848 3490 in
878 3431 971 3511 parte
1006 3426 1202 3491 occidentali
1235 3449 1334 3513 super
1368 3428 1484 3494 silvam

434 3529 571 3597 Roberti
603 3528 745 3616 Kaynel,
767 3533 802 3593 et
823 3529 911 3614 ipsas
936 3535 1040 3594 terras
1056 3528 1213 3595 claudant
1227 3535 1262 3595 et
1284 3530 1320 3594 in
1352 3529 1484 3597 defenso

433 3637 571 3700 teneant
608 3633 858 3717 imperpetuum.
915 3630 970 3695 Ita
1006 3636 1119 3696 tamen
1155 3633 1242 3717 quod
1265 3654 1333 3719 prae
1356 3633 1484 3698 defectu

434 3736 610 3803 clausturse
632 3733 669 3797 in
684 3733 851 3818 praedictis
874 3733 970 3798 terris
986 3733 1092 3810 factae,
1107 3735 1220 3799 averia
1236 3755 1311 3799 mea
1325 3735 1379 3800 vel
1394 3733 1484 3801 here·

434 3841 515 3904 dum
537 3857 684 3902 meorum
707 3857 806 3922 super
828 3836 1004 3921 praedictas
1023 3841 1129 3900 terras
1151 3836 1299 3913 inventa,
1322 3857 1389 3902 non
1412 3858 1485 3923 pos·

435 3943 503 4007 sint
524 3942 713 4026 imparcare,
737 3959 797 4003 nec
812 3937 941 4024 aliquas
964 3937 1119 4004 emendas
1141 3958 1255 4023 capere
1271 3938 1325 4004 vel
1348 3939 1483 4025 exigere.

436 4043 481 4108 Et
512 4045 548 4108 in
580 4041 806 4106 testimonium
838 4040 939 4126 hujus
971 4040 1171 4106 remissionis
1202 4044 1237 4105 et
1268 4042 1483 4107 concessionis

435 4167 525 4223 meae,
548 4145 611 4211 hoc
633 4145 792 4230 scriptum
815 4143 938 4209 eisdem
961 4141 1074 4208 abbati
1098 4147 1133 4208 et
1164 4144 1343 4209 conventui
1358 4143 1428 4221 feci,
1452 4152 1485 4212 et

435 4248 520 4315 illud
543 4246 650 4332 sigillo
674 4268 746 4312 meo
769 4246 906 4332 signavi.
954 4244 1030 4310 Hiis
1053 4244 1202 4323 testibus,
1226 4251 1286 4312 etc
