3566 5820
558 949 759 1005 rmrsrrcu
782 946 1102 1003 mrmrmrmss.
1294 932 1355 1001 181

667 1197 747 1320 cip.
771 1252 973 1322 ocoxrrrr.

340 1441 387 1509 De
409 1449 501 1510 terro
524 1467 598 1531 quea
619 1444 696 1531 fuit
718 1443 910 1532 aliquamdo
933 1443 1078 1529 Hupooi
1108 1441 1151 1507 io
1173 1440 1330 1508 Foedera.

348 1625 463 1691 Sciant
491 1632 669 1713 praesentes
692 1633 726 1692 et
755 1627 861 1693 futuri
884 1627 972 1714 quod
1002 1647 1062 1690 nos
1095 1623 1220 1701 Sibilla,
1243 1624 1354 1710 Agnes
1368 1648 1494 1700 Grantor
1535 1631 1536 1634 ’

302 1733 338 1791 et
360 1727 515 1807 Matildis‚
539 1751 671 1807 sorores,
694 1729 772 1795 filiae
804 1730 957 1818 Hugonis
984 1729 1024 1794 de
1047 1727 1205 1804 Foxham,
1228 1727 1353 1810 remisi·
1366 1715 1483 1832 ’ἕέξῶ

302 1851 376 1893 mus
410 1837 445 1896 et
476 1831 626 1917 quietum
658 1831 872 1898 clamavimus
906 1854 966 1920 pro
996 1829 1091 1897 nobis
1123 1836 1157 1896 et
1179 1829 1354 1894 heredibus
1367 1849 1403 1926 by
1414 1850 1484 1900 three

302 1932 422 1998 nostris
464 1934 716 2020 imperpetuum,
759 1935 902 2000 dominis
948 1933 1113 2000 Willelmo
1158 1933 1281 2012 abbati,
1320 1937 1355 1998 et
1368 1923 1463 1969 ersten.

302 2035 480 2101 conventui
511 2037 763 2115 Malmesburiae,
792 2043 902 2103 totum
928 2037 984 2124 jus
1016 2042 1051 2102 et
1080 2037 1235 2103 clamium
1267 2037 1356 2122 quod

302 2135 480 2204 habuimus
513 2139 566 2205 vel
596 2139 707 2226 aliquo
740 2141 837 2205 modo
871 2140 992 2205 habere
1023 2139 1192 2226 potuimus
1224 2139 1260 2202 in
1284 2143 1356 2206 tota

304 2245 392 2306 terra
425 2242 491 2320 illa,
523 2263 597 2307 cum
629 2242 788 2320 domibus,
833 2241 1037 2328 cartillagiis,
1078 2241 1199 2318 crustis,
1242 2242 1355 2328 pratis,

301 2344 454 2429 paschuis
475 2349 509 2410 et
531 2344 683 2431 pasturis,
700 2349 735 2409 et
749 2341 901 2409 omnibus
927 2344 1001 2408 aliis
1022 2344 1127 2422 rebus,
1144 2344 1354 2408 libertatibus
1376 2379 1385 2394 ·

303 2451 338 2510 et
361 2446 473 2511 liberis
495 2446 799 2525 consuetudinibus,
821 2446 863 2510 ad
890 2445 1082 2533 praedictam
1098 2453 1221 2512 terram
1242 2446 1354 2532 aliquo

304 2550 400 2615 modo
423 2550 686 2637 pertinentibus;
709 2571 783 2635 quae
807 2550 939 2635 quidem
964 2556 1053 2615 terra
1080 2550 1147 2614 fuit
1176 2549 1355 2635 aliquando

302 2651 460 2718 Willelmi
483 2653 597 2718 fratris
612 2653 716 2717 nostri
740 2653 776 2717 in
800 2651 969 2718 Forham:
992 2673 1067 2718 cum
1090 2657 1162 2718 tota
1184 2657 1272 2718 terra
1296 2651 1354 2717 illa

303 2777 378 2820 cum
412 2755 566 2820 omnibus
600 2755 812 2842 pertinentiis
852 2754 930 2832 suis,
964 2776 1064 2840 quam
1104 2753 1236 2832 Editha
1271 2776 1355 2819 uxor

303 2859 469 2943 quondam
502 2857 653 2944 praedicti
676 2855 834 2922 Willelmi
866 2856 978 2922 t'ratris
1000 2857 1114 2935 nostri,
1144 2862 1242 2922 tenet
1301 2857 1356 2922 Ita

304 2961 391 3046 quod
425 2982 485 3028 nec
514 2982 583 3038 nos,
605 2981 666 3026 nec
696 2959 817 3046 aliquis
847 2959 1005 3026 heredum
1027 2957 1081 3025 vel
1115 2960 1355 3046 assignatorum

303 3070 499 3144 nostrorum,
521 3063 656 3151 aliquod
673 3064 731 3151 jus
754 3063 808 3129 vel
831 3063 986 3131 olamium
1016 3063 1052 3128 in
1077 3063 1236 3150 praedicta
1258 3069 1354 3142 terra,

303 3175 364 3234 aut
389 3168 556 3255 aliquibus
583 3167 655 3254 ejus
685 3166 897 3254 pertinentiis
920 3188 1020 3254 supra
1041 3167 1228 3244 nominatis,
1244 3167 1354 3254 aliquo

303 3275 449 3358 tempore
472 3269 567 3335 nobis
590 3270 765 3336 vendicare
787 3269 958 3356 possimus,
981 3261 1039 3335 scd
1060 3269 1159 3336 liceat
1188 3270 1354 3357 praedictis

303 3373 417 3441 abbati
432 3377 468 3439 et
490 3372 669 3446 conventui
685 3377 847 3438 eteorum
871 3373 1109 3440 successoribus
1132 3373 1173 3438 de
1196 3373 1355 3459 praedicta

303 3482 392 3544 terra
413 3499 488 3543 cum
513 3477 664 3542 omnibus
694 3477 904 3564 pertinentiis
926 3477 994 3541 suis
1017 3473 1188 3563 disponere
1211 3482 1246 3543 et
1268 3478 1354 3543 ordi-

303 3601 391 3657 nare,
413 3593 513 3666 prout
534 3579 577 3646 ad
600 3581 807 3646 commodum
831 3579 973 3646 ecclesiae
997 3602 1109 3646 eorum
1131 3579 1248 3646 melius
1263 3580 1354 3646 vide·

305 3683 374 3747 rint
404 3681 567 3768 expedire.
629 3682 674 3747 Et
707 3683 736 3747 si
767 3682 902 3770 aliquod
934 3683 1093 3768 scriptum
1126 3682 1166 3748 de
1197 3683 1355 3770 praedicta

305 3791 394 3850 terra
415 3784 527 3871 aliquo
549 3790 696 3872 tempore
718 3785 918 3872 apparuerit,
941 3785 1030 3872 quod
1055 3784 1151 3850 nobis
1181 3791 1241 3851 aut
1262 3785 1354 3850 here-

304 3890 401 3955 dibus
428 3887 550 3955 nostris
581 3893 692 3976 posset
725 3889 886 3975 prodesse,
910 3895 945 3954 et
978 3889 1145 3975 praedictis
1176 3888 1290 3954 abbati
1321 3893 1355 3952 et

304 3993 481 4058 conventui
504 4014 627 4072 nocere,
650 3992 802 4058 volumus
829 3996 864 4057 et
885 3989 1091 4060 concedimus
1114 3990 1203 4077 quod
1228 3991 1355 4056 viribus

305 4096 438 4162 omnino
476 4099 585 4160 careat
616 4101 650 4160 et
681 4115 740 4181 pro
770 4093 862 4159 nullo
893 4089 1062 4160 habeatur.
1109 4093 1155 4158 Et
1186 4093 1223 4157 in
1262 4093 1354 4158 testi·

305 4199 454 4264 monium
488 4197 588 4285 hujus
619 4197 821 4264 remissionis
845 4203 879 4262 et
911 4196 1033 4282 quietae
1062 4195 1259 4274 clamentiae,
1292 4195 1355 4262 hoo

303 4303 463 4388 scriptum
486 4303 608 4368 eisdem
630 4302 754 4368 'abbati
776 4308 811 4368 et
833 4299 1012 4368 conventui
1044 4299 1189 4378 fecimus,
1212 4306 1247 4365 et
1270 4299 1354 4364 illud

300 4404 420 4492 sigillis
445 4404 569 4472 nostris
591 4404 804 4492 signavimus.
