3578 5808
539 877 736 930 acersraun
760 876 1083 930 mmrmmaurucusn
1295 863 1335 926 41

285 1067 461 1134 heredibus
491 1069 559 1135 suis
590 1075 694 1138 tetam
725 1074 847 1136 terram
870 1091 977 1135 meam
1011 1070 1053 1135 de
1086 1066 1337 1154 Cred[ewelle],1

286 1177 406 1258 praeter
428 1173 643 1260 principalem
674 1173 799 1240 curiam
822 1178 856 1238 et
878 1177 998 1258 pmeter
1029 1173 1202 1239 dimidiam
1229 1173 1338 1258 virga-

286 1279 356 1342 tam
390 1281 486 1342 terrae
518 1299 618 1363 quam
640 1276 802 1344 Ricardus
833 1275 921 1341 filius
955 1276 1143 1361 Leuenewy
1165 1275 1284 1351 tenuit,
1307 1279 1341 1339 et

286 1385 406 1463 praeter
435 1380 630 1466 praedictum
661 1380 840 1446 Ricardum
870 1385 905 1444 et
939 1384 1045 1445 totam
1078 1384 1202 1444 sectam
1236 1398 1339 1443 suam.

289 1479 441 1548 Concessi
475 1483 575 1548 etiam
610 1483 767 1568 praedictc
799 1481 966 1547 Willelmc
998 1487 1033 1546 et
1066 1480 1241 1547 heredibus
1273 1479 1342 1544 suis

287 1589 392 1650 totam
415 1590 544 1671 partem
567 1607 674 1652 meam
697 1585 738 1649 de
761 1590 850 1650 terra
872 1585 912 1650 de
937 1583 1111 1651 Bradefeld
1134 1589 1169 1648 et
1191 1583 1232 1648 da
1255 1581 1341 1647 Nor·¹

288 1692 375 1764 tone,
409 1693 444 1752 et
481 1689 589 1774 recepi
623 1689 659 1752 in
692 1687 900 1753 excambium
937 1691 1043 1752 tetam
1077 1691 1205 1772 partem
1237 1685 1341 1770 ipsius

288 1788 447 1855 Willelmi
471 1791 511 1856 de
543 1795 633 1856 terra
666 1790 706 1855 de
730 1790 923 1876 Mandelege
946 1789 987 1855 de
1019 1788 1117 1854 feudo
1140 1789 1181 1854 de
1213 1787 1341 1873 Stepel-

289 1895 375 1968 tone,
406 1897 440 1956 et
471 1897 578 1958 totam
598 1897 740 1978 sparum
773 1911 868 1957 suam
899 1891 940 1955 de
974 1895 1063 1956 terra
1095 1890 1136 1955 de
1171 1889 1341 1966 Stentone,

288 1997 425 2078 excepte
451 1992 587 2058 servitio
618 1991 794 2079 Regincldi
824 1993 865 2056 de
897 1992 1118 2077 Nywcntcne,
1141 1996 1176 2057 et
1204 1995 1343 2076 excepta

289 2100 382 2179 parte
405 2116 466 2160 sua
487 2095 528 2160 de
551 2094 648 2161 bosco
671 2093 725 2161 del
755 2093 869 2162 Nord’.
917 2094 987 2181 Ego
1013 2094 1115 2160 etiam
1138 2098 1173 2159 et
1206 2092 1341 2160 heredes

289 2197 354 2262 mei
377 2197 563 2263 tenebimus
585 2197 627 2262 de
649 2196 807 2282 praedicbo
832 2195 999 2261 Willelmo
1020 2201 1055 2261 et
1076 2194 1252 2262 heredibus
1270 2195 1341 2281 ejus

290 2297 325 2362 in
348 2298 447 2364 feudo
469 2303 504 2364 et
526 2297 711 2365 hereditate
738 2299 910 2363 dimidiam
934 2299 1099 2385 virgatam
1122 2303 1219 2364 terrae
1242 2319 1341 2383 quarn

291 2400 475 2466 Willelmus
507 2401 651 2487 Vuelege
689 2401 808 2478 tenuit,
846 2400 1012 2466 reddendo
1050 2400 1224 2467 annuatim
1265 2401 1341 2465 inde

290 2505 332 2568 ad
354 2504 478 2569 festum
507 2503 621 2571 Sancti
645 2503 815 2570 Michaelis
838 2504 870 2568 ii.
895 2503 951 2569 sol.
975 2509 1009 2568 et
1031 2503 1075 2568 ix.
1099 2503 1257 2581 denariae,
1282 2524 1341 2588 pro

291 2607 380 2672 omni
402 2607 538 2672 servitio
569 2606 656 2693 quod
689 2606 831 2671 adeum
855 2612 889 2672 et
919 2607 962 2671 ad
994 2604 1130 2672 heredes
1161 2628 1237 2671 suos
1271 2628 1343 2692 per·

291 2709 383 2774 tinet.
431 2709 501 2796 Ego
532 2710 632 2774 etiam
655 2714 690 2774 et
720 2709 856 2774 heredes
879 2709 944 2774 mei
977 2709 1163 2774 tenebimus
1187 2709 1227 2773 de
1261 2729 1344 2794 prae-

290 2811 378 2878 dicto
401 2810 567 2876 Willelmo
590 2817 624 2877 et
645 2811 821 2877 heredibus
844 2811 914 2898 ejus
937 2833 1038 2876 unam
1061 2813 1225 2898 virgatam
1247 2816 1343 2876 terrae

290 2913 326 2977 in
350 2914 601 2990 Overstentone,
632 2935 732 2999 quam
763 2913 836 2979 Eva
867 2913 936 2979 filia
959 2913 1098 2978 Aluredi
1130 2913 1248 2990 tenuit,
1270 2913 1343 2978 rcd-

291 3015 397 3081 dendo
419 3015 497 3080 inde
513 3015 688 3080 annuatim
708 3015 752 3081 ad
775 3015 897 3080 festum
913 3013 1030 3081 Sancti
1049 3013 1220 3080 Michaelis
1243 3037 1343 3079 unam

290 3117 408 3183 libram
439 3119 564 3204 cymini
587 3139 646 3204 pro
668 3118 758 3183 omni
791 3118 934 3194 servitio,
958 3117 1046 3202 quod
1068 3117 1111 3182 ad
1135 3117 1243 3203 ipsum
1263 3116 1344 3182 Wil-

292 3219 424 3285 lehnum
460 3225 494 3286 et
525 3221 569 3286 ad
602 3218 736 3286 heredes
771 3220 842 3306 ejus
880 3219 1035 3306 pertinet.
1094 3219 1165 3306 Ego
1199 3240 1277 3284 vero
1311 3224 1346 3284 et

291 3320 427 3388 heredes
450 3321 515 3387 mei
537 3321 696 3408 praedicto
719 3320 886 3386 Willelmc
910 3325 945 3386 eb
967 3319 1145 3386 heredibus
1167 3321 1238 3406 ejus
1261 3343 1344 3406 prae-

292 3427 396 3492 dictas
418 3430 522 3490 terras
544 3445 604 3510 per
625 3429 735 3489 totum
759 3429 793 3489 et
822 3428 938 3489 contra
961 3446 1074 3490 omnes
1104 3423 1255 3489 homines
1278 3445 1345 3488 wa

290 3527 533 3594 rantiaabimus.
581 3525 631 3592 Ut
657 3533 770 3592 autem
799 3525 871 3590 haec
893 3547 967 3592 mea
989 3528 1152 3592 concessio
1176 3527 1270 3591 firma
1302 3527 1347 3591 sit

292 3637 327 3696 et
348 3630 486 3707 stabilis,
509 3650 582 3694 eam
605 3629 668 3694 hac
689 3634 781 3695 carta
803 3650 876 3695 mea
899 3633 933 3696 eb
955 3629 1063 3718 sigillo
1087 3617 1159 3696 med
1182 3629 1346 3716 signatam

291 3733 490 3800 confirmavi
537 3731 613 3798 Hiis
636 3731 785 3810 testibus,
808 3735 867 3800 etc

666 3987 748 4056 Ona.
772 3985 986 4056 CLXXXIV.

348 4146 1295 4340 caammcfimgmpacaaaaaa

339 4406 454 4473 Sciant
477 4411 654 4494 praesentes
688 4409 723 4472 et
755 4405 861 4470 futuri
893 4405 981 4491 quod
1003 4427 1063 4493 ego
1098 4404 1225 4492 Symcn
1258 4405 1437 4473 filiastrae
1450 4421 1473 4474 b.

292 4509 432 4576 Henrici
455 4509 596 4596 pistoris,
612 4529 747 4574 assensu
770 4513 805 4572 et
826 4529 986 4574 consensu
1009 4507 1167 4573 heredum
1190 4531 1335 4576 meorum
1361 4502 1483 4554 ⁰¹²¹1t⁰f

290 4612 429 4677 vendidi
453 4618 488 4677 et
510 4611 660 4697 quietum
683 4610 825 4677 clamavi
855 4610 988 4675 domino
1011 4609 1043 4674 J.
1066 4611 1180 4678 abbati
1194 4617 1238 4712 et
1271 4562 1347 4678 con:
1360 4568 1493 4623 blake.

783 4809 791 4841 ¹
810 4808 860 4860 Sic.
