3578 5808
459 872 503 936 98
714 881 914 933 srersrsun
937 880 1261 934 nsunnsaomeuss.

457 1077 514 1144 des
537 1075 602 1142 mei
626 1077 732 1142 totam
762 1067 1044 1162 prenominatam
1058 1081 1190 1156 terrem,
1213 1097 1289 1144 eum
1314 1077 1403 1144 dieto
1426 1081 1517 1144 tene·

457 1186 569 1246 mento
601 1184 635 1244 et
669 1179 737 1244 suis
772 1179 982 1265 pertinentiis
1016 1180 1178 1257 omnibus,
1224 1186 1323 1266 prout
1366 1182 1516 1268 superius

458 1285 584 1348 dietum
619 1287 678 1360 est,
710 1303 785 1347 eum
820 1281 909 1347 dieta
941 1287 1035 1367 parte
1067 1282 1234 1369 praedictae
1265 1304 1386 1370 grsvae,
1409 1283 1516 1349 eidem

461 1385 605 1451 Roberto
640 1390 674 1449 et
708 1385 776 1448 suis
808 1383 993 1461 heredibus,
1018 1384 1071 1449 vel
1105 1405 1301 1471 quoeunque
1334 1387 1386 1450 vis
1420 1387 1517 1452 modo

458 1486 603 1554 voluerit
624 1484 823 1572 assignetis,l
845 1492 961 1554 eontra
987 1508 1099 1552 omnes
1132 1487 1286 1554 mortales
1319 1489 1516 1555 warantiza-

459 1589 568 1655 bimus
591 1590 834 1676 imperpetuum
857 1593 892 1653 et
915 1587 1137 1654 defendemus.

504 1692 567 1757 Pro
589 1690 651 1758 hee
685 1711 762 1756 vero
801 1690 978 1755 donatione
1011 1695 1045 1756 et
1079 1691 1283 1757 conoeesione
1319 1713 1391 1757 mea
1423 1692 1515 1758 dedit

459 1794 542 1859 mihi
569 1793 733 1859 Robertus
767 1793 944 1879 praedictus
972 1813 1030 1858 sex
1055 1813 1180 1858 meroes
1212 1795 1342 1879 argenti
1374 1795 1410 1859 in
1444 1817 1515 1881 ger-

459 1917 621 1963 summam
643 1895 776 1965 solutas.
822 1895 873 1961 Ut
895 1895 999 1981 igitur
1020 1895 1091 1960 haeo
1114 1917 1188 1961 mea
1219 1896 1353 1961 donatio
1388 1917 1517 1962 conoes-

459 1997 595 2086 sioqne²
618 2003 652 2065 et
673 1999 774 2084 hujus
797 2021 879 2065 mese
902 2003 1002 2064 eartae
1025 1999 1198 2077 warentia,
1220 2005 1303 2077 rata,
1327 2000 1458 2065 stabilis
1482 2007 1516 2066 et

459 2103 651 2169 inoonoussa
699 2102 800 2168 etiam
846 2102 1088 2188 imperpetuum
1127 2101 1275 2178 obduret,
1321 2107 1515 2186 praesentem

459 2209 583 2272 aarum
606 2227 714 2271 meam
737 2203 824 2270 sibi¹
848 2203 919 2270 fieri
941 2203 1064 2281 societ
1086 2202 1151 2268 mei
1174 2202 1276 2291 sigilli
1299 2203 1514 2290 impressione

458 2327 604 2395 appense
626 2307 765 2393 signavi.
812 2305 888 2371 Hiis
912 2305 1061 2383 testibus,
1086 2311 1144 2372 eto.

835 2563 913 2630 Car.
939 2563 1133 2630 CCXXXV.

470 2704 575 2770 Carta
597 2704 734 2771 Robertt
757 2704 887 2770 Edrioh
914 2704 953 2769 de
980 2703 1143 2791 Isydyord
1167 2703 1207 2768 de
1231 2709 1416 2770 terwownto
1438 2725 1499 2772 ouo

773 2805 950 2892 quondam
973 2807 1016 2872 in
1043 2805 1185 2873 Colo-rme.

506 2946 621 3012 Sciant
643 2951 822 3032 praesentes
844 2952 879 3012 et
901 2947 1007 3011 futuri
1032 2947 1119 3032 quod
1143 2967 1203 3032 ego
1226 2945 1391 3010 Robertus
1426 2946 1514 3011 Edd-

363 3051 390 3084 ’Π
459 3049 529 3116 rich
553 3050 593 3115 de
617 3049 782 3134 Lideyard
806 3049 890 3127 dedi,
914 3050 1066 3128 concessi,
1089 3048 1208 3114 etheo
1235 3049 1391 3134 praesenti
1425 3055 1515 3114 oerta

459 3174 532 3218 mea
564 3151 767 3230 confirmavi,
790 3153 825 3216 in
857 3173 973 3238 puram
1006 3157 1040 3216 et
1071 3158 1265 3238 perpetuam
1296 3152 1513 3230 elemosinam,

458 3253 530 3320 Deo
553 3260 588 3320 et
610 3253 753 3319 eoolesiae
776 3254 865 3320 besti
888 3253 1056 3320 Aldhelmi
1079 3255 1120 3319 de
1144 3253 1386 3332 Malmesbun'e,
1402 3260 1436 3320 et
1457 3253 1514 3320 ab·

458 3356 529 3420 heti
553 3361 587 3420 et
609 3355 778 3422 monaehis
802 3355 924 3421 ibidem
948 3354 1019 3420 Deo
1042 3352 1272 3434 servientibus,
1294 3361 1404 3422 toturn
1425 3362 1515 3422 tene-

459 3462 608 3522 mentum
632 3457 719 3541 quod
750 3456 854 3521 habui
884 3457 918 3521 in
951 3456 1032 3522 villa
1064 3456 1104 3522 de
1140 3455 1286 3534 Ceteros,
1321 3464 1356 3523 et
1390 3462 1514 3544 septem

459 3545 549 3623 euros
572 3563 669 3623 terme
692 3557 727 3622 in
743 3558 867 3646 eampis
883 3558 1030 3644 ejusdem
1046 3558 1145 3636 villae,
1162 3564 1197 3623 et
1212 3558 1383 3624 dimidium
1406 3579 1514 3624 aeram

459 3682 534 3726 oum
557 3661 708 3726 omnibus
740 3661 783 3726 ed
814 3660 1009 3747 praedictum
1033 3667 1267 3738 tenementum,
1291 3667 1325 3726 et
1358 3661 1402 3726 ad
1430 3682 1514 3748 prae·

460 3763 581 3829 dictem
620 3767 751 3842 terrem,
782 3763 894 3849 aliquo
926 3763 1023 3828 modo
1054 3762 1305 3850 pertinentibus,
1344 3764 1415 3828 sine
1447 3763 1515 3829 ullo

459 3870 685 3932 retenemento
696 3891 704 3946 ;
742 3868 831 3953 quod
869 3866 1003 3952 quidem
1041 3870 1267 3931 tenementum
1305 3887 1380 3931 oum
1426 3870 1515 3932 terra

459 3969 706 4055 praenominata,
741 3974 775 4034 et
807 3968 880 4034 aliis
914 3969 1124 4054 pertinentiis
1156 3969 1231 4046 suis,
1256 3967 1414 4055 Mergirie
1445 3968 1516 4035 filia

459 4072 626 4158 quondam
653 4070 813 4136 Gileberti
830 4071 933 4157 Peroy
956 4070 1039 4135 mihi
1063 4071 1164 4149 dedit,
1187 4077 1221 4136 et
1244 4077 1335 4136 carta
1357 4092 1417 4136 sua
1439 4092 1514 4136 oon-

459 4173 627 4240 firmavit:
660 4172 860 4239 Habendum
895 4179 930 4239 et
962 4175 1143 4240 tenendum
1177 4179 1287 4240 totum
1318 4175 1515 4261 praedictum

460 4282 695 4354 tenementum,
711 4297 786 4342 eum
804 4281 876 4340 orto
900 4281 935 4342 et
956 4277 1032 4341 eliis
1047 4277 1259 4363 pertinentiis
1281 4279 1358 4354 suis,
1375 4281 1410 4343 et
1431 4298 1514 4363 pree-

460 4379 565 4444 dietas
587 4384 713 4464 septem
729 4399 819 4444 aeras
842 4385 939 4444 terrae
962 4386 996 4445 et
1012 4379 1191 4458 dimidiam,
1208 4401 1283 4445 eum
1298 4379 1398 4444 tertio
1415 4380 1513 4444 unius

458 4502 577 4567 gravae,
601 4502 676 4566 quee
698 4487 837 4548 vocetur
858 4481 998 4568 Peroyea
1019 4503 1122 4566 prore,
1145 4503 1219 4548 eum
1255 4481 1408 4546 omnibus
1439 4480 1513 4546 aliis
1537 4517 1539 4522 .

463 4583 505 4648 ed
537 4583 733 4669 praedictum
767 4588 995 4650 tenementum
1022 4589 1057 4650 et
1087 4585 1130 4649 ad
1164 4585 1358 4669 praedictam
1392 4595 1514 4650 tenum

1112 4719 1508 4734 -n-——u--ffl-——w-

493 4779 501 4810 ¹
519 4777 570 4832 Sic.
982 4780 987 4856 1
1034 4780 1046 4814 ²
1062 4781 1214 4848 denarioque
1227 4782 1366 4846 eoncessio,
1378 4783 1436 4839 MS.
