3566 5820
566 920 763 969 uue1sruuu
787 918 1110 966 uacuusuuumusu.
1145 965 1149 971 ,
1304 902 1368 966 169

313 1108 348 1167 11
381 1104 523 1170 ecclesiae
549 1105 640 1171 beati
655 1105 824 1171 Aldhelmi
840 1106 881 1171 de
898 1104 1142 1182 Malmesburia,
1166 1105 1229 1188 [et]
1252 1101 1371 1168 abbati

314 1211 348 1272 et
362 1205 531 1274 monachis
554 1208 679 1274 ibidem
702 1209 774 1274 Deo
797 1209 1029 1284 servientibus,
1046 1207 1181 1272 domum
1203 1203 1297 1270 illam
1328 1205 1370 1268 de

313 1307 348 1373 lu
369 1309 537 1389 Pomone,
560 1312 652 1378 illam
687 1311 820 1389 scilicet,
846 1333 946 1397 quam
972 1311 1038 1375 emi
1061 1309 1101 1375 do
1124 1307 1252 1374 Thema
1273 1307 1315 1371 de
1338 1305 1372 1370 la

315 1409 480 1490 Posterius,
512 1435 587 1479 eum
622 1415 776 1480 omnibus
808 1413 1033 1500 pertinentiis
1051 1411 1128 1490 suis,
1167 1411 1210 1476 ad
1248 1410 1373 1476 facien-

315 1513 394 1578 dum
416 1513 680 1582 anniversarium
707 1537 818 1581 meum
834 1516 1009 1582 annuatim
1032 1515 1069 1580 in
1084 1511 1182 1601 pleno
1206 1517 1373 1579 conventu

316 1615 574 1684 Mulmesburiae:
605 1619 793 1686 habendam
824 1623 858 1684 et
893 1619 1072 1685 tenendam
1097 1617 1291 1705 praedictam
1315 1614 1374 1680 do·

315 1739 407 1782 mum
436 1741 511 1786 eum
535 1720 687 1786 omuibus
718 1720 931 1808 pertinentiis
954 1721 1038 1799 suis,
1063 1720 1163 1786 dictis
1193 1717 1308 1784 abbati
1339 1721 1374 1782 et

315 1823 494 1888 'conventui
532 1829 567 1888 11
598 1845 710 1889 eornm
748 1824 996 1903 successoribus,
1030 1823 1106 1909 jure
1139 1818 1374 1896 elemosinario,

315 1925 578 2012 imperpetuum:
593 1927 761 1992 reddendo
776 1927 854 1992 iude
871 1927 1046 1992 aunuatim
1063 1926 1222 2012 praedieto
1237 1923 1373 1988 Thomas

317 2027 413 2095 dela
444 2029 610 2112 Posterne‚
642 2035 677 2095 et
708 2029 885 2096 heredibus
907 2029 976 2095 suis
999 2029 1054 2094 vel
1080 2027 1265 2115 assignatis,
1293 2026 1375 2091 duo-

318 2131 422 2196 decim
445 2130 605 2209 denarios,
643 2131 687 2197 ed
710 2131 792 2198 duos
823 2132 903 2196 enni
941 2132 1123 2211 terminos3
1161 2129 1294 2204 scilicet,
1332 2127 1375 2191 ed

318 2233 540 2300 Nativitatem
567 2234 711 2312 Domini,
729 2257 787 2300 sex
811 2233 971 2314 denarios,
995 2240 1030 2300 et
1043 2234 1086 2301 ed
1113 2233 1236 2298 festum
1261 2231 1375 2298 Sancti

317 2333 486 2400 Aldhelmi
520 2357 579 2402 sex
613 2337 784 2416 denarios;
816 2342 852 2402 et
894 2336 934 2402 de
967 2334 1151 2422 1111191111,
1184 2333 1375 2420 coquinario

319 2443 508 2519 con-ventus
524 2440 582 2525 qui
605 2461 665 2527 pro
682 2446 828 2526 tempore
851 2441 960 2519 fuerit,
985 2445 1127 2527 quatuor
1142 2439 1300 2518 denarios,
1316 2457 1375 2524 pro

319 2542 408 2606 omni
439 2543 585 2620 servicio,
620 2543 760 2608 seculari
796 2543 968 2609 exactione
998 2545 1052 2608 vel
1078 2543 1251 2620 demanda,
1273 2540 1374 2606 salvia

319 2644 613 2710 consuetudinibus
636 2645 734 2731 burgi
751 2643 996 2710 Malmesburiee
1011 2644 1134 2710 debitis
1150 2648 1184 2710 et
1199 2643 1373 2710 consuetis.

320 2746 364 2811 Et
387 2767 447 2832 ego
471 2747 623 2813 Clemens
639 2752 673 2812 et
687 2747 824 2812 heredes
839 2746 904 2812 mei
927 2747 1119 2833 praedictam
1143 2747 1276 2812 domum
1299 2765 1374 2810 cnm

321 2847 473 2914 omnibus
489 2849 701 2935 pertinentiis
724 2849 802 2927 suis,
818 2848 986 2935 praedictis
1009 2849 1122 2914 abbati
1139 2853 1174 2914 11
1196 2847 1374 2915 conventui

319 2957 354 3016 et
378 2973 490 3016 eorum
512 2951 758 3029 suecessoribus,
774 2957 890 3017 contra
912 2972 1024 3017 omnes
1039 2950 1193 3018 mortales
1219 2951 1375 3018 waranti-

322 3055 468 3120 zabimus
494 3055 747 3142 imperpetuum.
796 3055 836 3118 In
852 3055 946 3142 cujus
968 3057 1016 3120 rei
1039 3055 1267 3122 testimonium
1289 3057 1376 3122 hene

321 3163 445 3224 cartam
469 3157 593 3223 eisdem
616 3157 730 3225 abbati
755 3161 789 3223 et
811 3159 991 3224 conventui
1013 3159 1087 3238 feci,
1111 3163 1241 3228 etcum
1266 3158 1374 3246 sigillo

321 3282 394 3326 meo
419 3261 559 3348 signavi.

735 3498 814 3564 011.
840 3495 954 3565 0001.

322 3647 426 3716 caua
451 3646 581 3714 lbonaoe
604 3644 644 3712 de
667 3645 703 3711 lu
725 3647 891 3712 Poetorac
907 3644 1005 3732 foeta
1023 3643 1188 3732 proedicto
1213 3647 1376 3718 0111111111

489 3779 491 3786 ·
586 3747 627 3814 dc
650 3747 747 3814 domo
769 3747 867 3835 (opud
889 3747 1112 3816 Poetcmalum.

366 3889 481 3956 Sciant
503 3891 681 3975 praesentes
705 3893 739 3953 et
770 3885 877 3952 futuri
899 3887 988 3976 quod
1021 3911 1081 3976 ego
1112 3885 1254 3958 Thomas
1277 3891 1317 3956 de
1340 3892 1374 3958 11
1389 3911 1481 3963 Orthe

322 3991 487 4069 Posteruc,
510 3991 599 4056 filius
623 3988 787 4056 Johannis
811 3989 852 4056 de
874 3990 909 4056 la
923 3989 1087 4070 Posteme,
1112 3993 1197 4071 dedi,
1224 3995 1375 4073 concessi,
1389 3994 1466 4031 ⁸²¹⁰⁰⁴

322 4099 357 4161 et
378 4093 440 4164 hac
455 4093 612 4181 praesenti
626 4097 717 4158 carta
741 4113 814 4158 mea
838 4093 1030 4160 confirmavi
1047 4093 1210 4160 Clementi
1234 4095 1374 4184 Sporum,

322 4196 444 4264 vicario
467 4195 608 4262 ecclesiae
633 4194 747 4262 Sancti
770 4193 873 4273 Pauli,
900 4195 1152 4276 Malmesburiae,
1176 4202 1285 4264 totum
1308 4219 1375 4264 me-

322 4299 474 4388 suagium
488 4319 599 4364 meum
622 4319 697 4364 cum
720 4297 872 4364 domibus
895 4301 930 4364 11
952 4299 1147 4386 cartillagiis
1170 4303 1256 4387 quod
1272 4301 1376 4368 habui

322 4404 359 4468 in
377 4406 478 4490 burgo
493 4401 744 4479 Malmesburiae,
762 4400 850 4487 quod
872 4401 974 4466 situm
991 4407 1041 4468 est
1066 4403 1156 4469 inter
1170 4406 1376 4492 mesuagium

323 4506 489 4593 quondam
505 4505 640 4572 Ricardi
665 4505 797 4570 Hasard
820 4509 855 4570 et
877 4511 1007 4592 portam
1032 4508 1072 4572 de
1095 4508 1129 4574 la
1153 4507 1321 4588 Posterne‚
1344 4517 1379 4577 et

323 4609 477 4675 extendit
507 4631 541 4674 se
560 4609 662 4694 juxta
686 4608 820 4672 Murum
840 4607 964 4693 Regis:
988 4609 1169 4674 tenendum
1198 4616 1233 4676 et
1254 4611 1378 4678 haben-

323 4713 402 4777 dum
438 4712 526 4776 dieto
550 4709 717 4775 Clementi
749 4715 783 4775 et
813 4709 990 4775 heredibus
1020 4712 1096 4788 suis,
1130 4717 1165 4777 et
1204 4715 1378 4800 assignatis

322 4815 553 4884 misdictum
576 4813 783 4900 mesuagium
814 4834 888 4880 cum
922 4813 1075 4879 domibus
1111 4820 1146 4881 et
1175 4816 1379 4903 emtillagiia
