3578 5808
497 874 697 926 ammanus
721 873 1046 924 nsnnnssunmusa
1258 859 1301 924 le

243 1063 315 1129 fieri
337 1069 372 1130 et
401 1063 502 1151 sigilli
524 1064 591 1130 mei
612 1063 799 1130 munimine
823 1083 896 1130 eam
918 1062 981 1132 feei
1011 1062 1165 1130 roborari.
1223 1061 1299 1127 Hiis

245 1165 394 1246 testibus,
418 1170 480 1234 ete.

639 1399 720 1471 One.
744 1399 901 1471 OXOIII.

485 1556 591 1625 Uerta
613 1555 763 1624 Arrdreae
785 1555 825 1624 da
847 1557 1046 1626 elaeatae.

290 1717 406 1785 Sciant
444 1721 620 1804 praesentes
651 1721 685 1783 et
724 1715 829 1784 futuri
859 1719 947 1805 qued
978 1739 1038 1806 ego
1068 1719 1218 1786 Andreas
1257 1719 1297 1785 de
1311 1721 1400 1774 Ofthe

245 1819 417 1898 Stantone,
446 1841 606 1886 eonsensu
631 1824 665 1885 et
695 1819 868 1886 voluntate
895 1821 1007 1886 uxoris
1034 1843 1115 1888 meae
1141 1827 1175 1887 et
1204 1820 1296 1886 here·
1310 1807 1387 1842 same.
1458 1901 1460 1906 Ι

244 1923 324 1988 dum
346 1944 502 2000 meorum,
523 1943 582 2008 pre
609 1943 729 2008 magno
756 1922 888 2008 negotio
910 1944 990 2000 meo,
1007 1924 1142 1988 vendidi
1161 1945 1296 1990 venera-

244 2024 304 2090 bili
329 2025 418 2111 patri
442 2023 473 2090 J.
501 2023 565 2088 Dei
591 2023 701 2110 gratia
730 2022 845 2089 abbati
873 2023 1123 2104 Malmesbun'ee,
1148 2031 1183 2090 et
1212 2026 1297 2112 ejus-

244 2129 320 2193 dem
350 2127 414 2194 loci
438 2127 626 2203 conventui,
648 2147 707 2211 pro
732 2147 800 2192 una
823 2147 933 2192 marea
962 2129 1100 2214 argenti,
1131 2129 1298 2194 redditum

246 2231 302 2296 xii.
335 2231 417 2306 den,
441 2251 539 2315 quem
570 2227 766 2314 Redulphus
798 2231 964 2314 quondam
994 2231 1135 2296 viearius
1159 2232 1292 2317 capellae

246 2335 286 2399 de
320 2332 567 2409 Henekintone,
599 2329 682 2394 mihi
722 2331 897 2397 annuatim
936 2333 979 2398 ad
1018 2332 1142 2398 festum
1183 2333 1298 2400 Sancti

246 2435 416 2501 Michaelis
444 2434 578 2500 reddere
601 2434 780 2499 consuevit.
832 2434 887 2500 Ita
917 2435 1049 2513 scilieet,
1077 2437 1166 2521 quod
1189 2436 1298 2502 dietus

246 2536 442 2622 Radulphus
469 2541 503 2601 et
526 2534 661 2600 heredes
687 2535 741 2599 vel
766 2536 926 2622 assignati
946 2538 998 2602 sui
1019 2537 1055 2601 in
1078 2538 1231 2603 omnibus
1254 2539 1297 2605 ad

247 2640 372 2706 dietum
412 2637 579 2704 redditum
620 2637 866 2723 pertinentibus
903 2639 1017 2705 abbati
1046 2646 1081 2706 et
1119 2641 1299 2706 conventui

247 2741 489 2807 Malmesburiee
512 2741 580 2806 sint
602 2741 846 2826 imperpetuum
868 2741 1087 2820 intendentes,
1111 2752 1147 2808 et
1166 2763 1298 2828 respon-

248 2843 370 2910 dentes.
413 2841 515 2908 Hune
538 2847 650 2908 autem
674 2842 851 2921 redditum,
871 2863 947 2910 eum
972 2843 1114 2924 releviis,
1135 2844 1298 2930 homagiis

248 2951 282 3010 et
311 2943 457 3010 serviciis
489 2964 563 3029 quse
593 2963 645 3008 me
676 2942 730 3009 vel
760 2943 895 3010 heredes
925 2965 1015 3010 meos
1051 2949 1185 3031 possent
1223 2966 1298 3019 eon-

248 3047 383 3133 tingere,
411 3045 492 3111 dieti
523 3044 626 3112 abbas
656 3050 690 3110 et
720 3052 904 3112 conventus
933 3047 1116 3133 percipient
1146 3068 1206 3133 pro
1236 3037 1298 3126 mej

247 3157 281 3213 et
311 3169 372 3234 pro
401 3146 576 3213 heredibus
606 3147 688 3213 meis
718 3152 878 3234 perpetuo
907 3148 1042 3235 paeifiee
1074 3149 1297 3235 possidebunt.
1312 3147 1330 3198 l.
1344 3151 1400 3198 ¹⁹⁵·

248 3251 316 3337 Ego
347 3271 426 3317 vero
455 3250 606 3316 Andreas
636 3256 670 3316 et
706 3249 842 3318 heredes
879 3252 945 3316 mei
975 3251 1101 3318 dietum
1131 3252 1298 3318 redditum

247 3374 321 3418 eum
348 3352 502 3418 omnibus
531 3352 741 3437 pertinentiis
771 3353 868 3418 dietis
898 3353 1013 3419 abbati
1043 3358 1077 3418 et
1110 3353 1298 3430 conventui,

246 3461 360 3523 nonna
383 3477 496 3520 omnes
518 3455 668 3521 homines
690 3461 725 3520 et
747 3454 887 3522 feminas
910 3457 1206 3523 warantizabimus.
1254 3457 1298 3521 Et

245 3581 339 3625 omne
366 3558 424 3643 jus
454 3558 542 3644 quod
573 3559 608 3622 in
638 3559 795 3644 praedicto
825 3557 958 3624 redditu
987 3558 1172 3636 habuimus,
1199 3561 1297 3625 tantis

246 3660 458 3727 saerosanctis
489 3660 723 3746 abjuravimus.
775 3661 816 3725 In
854 3660 947 3746 eujus
985 3661 1033 3726 rei
1071 3661 1297 3727 testimonium

246 3762 331 3828 hane
361 3766 487 3826 certem
518 3761 565 3827 eis
595 3761 666 3839 feei,
698 3767 732 3826 et
762 3761 870 3847 sigillo
900 3784 973 3828 meo
1003 3763 1163 3830 roboravi.
1222 3763 1298 3828 Hiis

246 3863 395 3941 testibus,
418 3863 546 3929 Thema
568 3863 609 3929 de
633 3861 856 3942 Choerletone
880 3869 939 3932 ete

643 4145 723 4216 Ore.
747 4147 895 4220 CXCIV.

513 4315 679 4406 Obltpatte
702 4317 864 4410 Philippi
886 4321 1019 4391 Manet.

291 4485 408 4554 Sciant
452 4491 622 4572 presentes
668 4492 701 4553 et
742 4487 848 4554 futuri
888 4491 974 4574 quod
1023 4511 1084 4578 ege
1123 4491 1298 4580 Ph1lrppus
1311 4495 1460 4562 obligaturi

247 4587 363 4654 Martel
386 4588 533 4674 obligavi
558 4609 610 4654 me
635 4593 668 4653 et
692 4589 827 4655 heredes
852 4613 941 4656 meos
964 4593 1208 4680 imperpetuum
1238 4562 1410 4684 perffii

247 4699 440 4776 praesentem
470 4697 604 4769 sartam,
627 4691 809 4758 venerabili
838 4695 925 4778 patri
948 4695 979 4762 J.
1011 4695 1074 4762 Dei
1100 4697 1209 4783 gratia
1238 4699 1295 4764 ab·

332 4801 410 4852 nso.
1139 4826 1164 4874 Ι,
