3526 5810
498 898 696 949 nacrsrsuu
720 897 1044 948 annunssusrnusa.
1239 881 1304 944 303

602 1191 681 1259 Car.
706 1191 916 1259 ccccm.

309 1342 478 1411 Ooacaaaio
501 1343 640 1410 domm
662 1343 836 1412 Jolauaraa'a
859 1341 991 1411 abbatia
1014 1350 1043 1410 et
1066 1349 1247 1410 coaceatca

531 1446 716 1516 Glaaatoaa'oe
738 1446 779 1514 cla
801 1446 918 1514 ecdem
939 1453 1038 1512 terro.

300 1598 462 1664 Omnibus
486 1597 612 1665 Christi
636 1597 789 1663 fidelibus
820 1605 999 1686 praesentes
1029 1599 1159 1665 litteras
1181 1598 1309 1685 inspec-

255 1699 347 1776 turis,
377 1699 546 1765 lohannes
576 1699 792 1785 permissione
830 1699 947 1766 divina
984 1699 1087 1765 abbas
1118 1700 1308 1777 (llastoniae,

254 1802 394 1867 salutem
416 1807 576 1868 aeternam
591 1803 628 1866 in
643 1802 795 1868 Domino.
830 1801 916 1867 Cum
932 1801 1117 1867 Willelmus
1139 1803 1172 1868 la
1187 1801 1308 1888 Wayte

254 1903 295 1966 de
319 1901 534 1989 Ohippeham‚
558 1907 592 1968 et
623 1903 749 1969 Editha
779 1925 866 1969 uxor
888 1904 969 1990 ejus,
993 1904 1124 1970 dilectis
1154 1903 1249 1970 nobis
1271 1905 1308 1968 in

255 2003 390 2070 Christo
411 2004 570 2070 fratribus
591 2004 706 2070 abbati
729 2009 763 2071 et
785 2006 965 2072 conventui
989 2005 1238 2084 Malmesburiae,
1258 2006 1308 2069 vi-

254 2107 342 2192 ginti
363 2112 399 2172 et
421 2111 487 2171 tres
509 2128 601 2172 acras
623 2112 720 2173 terrae
751 2107 792 2173 dc
815 2107 910 2174 feodo
932 2113 1045 2189 nostro
1068 2109 1105 2172 in
1128 2108 1309 2194 Kyngtone

256 2207 415 2284 dederint,
440 2213 474 2272 et
497 2213 588 2273 carta
611 2229 671 2272 sua
692 2229 753 2294 pro
776 2230 810 2273 se
835 2214 869 2274 et
900 2209 1079 2275 heredibus
1101 2211 1170 2276 suis
1193 2211 1309 2277 confir-

255 2308 421 2374 maverint
451 2308 715 2394 imperpetuum
752 2309 905 2375 nolentes
943 2310 1122 2396 praedictos
1151 2309 1310 2376 abbatem

258 2415 292 2476 et
313 2415 514 2477 conventum
537 2432 597 2497 pro
620 2411 843 2496 adquisitione
873 2412 1108 2498 praedictarum
1132 2411 1256 2498 viginti
1278 2417 1313 2476 et

258 2513 361 2577 trium
392 2533 549 2589 acrarum,
581 2513 709 2577 ratione
741 2513 862 2584 statuti
895 2513 1021 2578 domini
1052 2514 1138 2600 regis
1172 2513 1313 2600 gravari,

258 2635 317 2679 seu
340 2635 398 2700 per
420 2635 480 2678 nos
502 2613 557 2679 vel
587 2635 786 2681 successores
818 2618 947 2681 nostros
969 2615 1105 2700 aliquod
1133 2636 1314 2704 gravamen

215 2705 221 2716 ⁶
258 2716 382 2782 eisdem
404 2714 518 2781 inferri
529 2740 538 2797 ;
567 2720 685 2781 notum
708 2715 847 2782 facimus
878 2716 1032 2782 omnibus
1054 2707 1113 2803 pe'r
1136 2721 1314 2803 praesentes

261 2817 351 2904 quod
372 2839 440 2895 nos,
463 2816 504 2882 de
534 2838 696 2884 consensu
726 2824 761 2884 et
783 2819 957 2885 voluntate
988 2824 1171 2885 conventus
1201 2820 1315 2898 nostri,

261 2920 429 3008 praedictis
451 2919 566 2985 abbati
588 2926 624 2986 et
645 2923 825 2988 conventui
855 2921 995 2988 liberum
1025 2923 1241 2988 concessimus
1265 2922 1315 2986 in-

262 3043 410 3110 gressum
441 3042 502 3108 pro
524 3021 621 3087 nobis
652 3028 687 3088 et
709 3023 950 3090 successoribus
972 3023 1116 3088 nostris:
1147 3023 1316 3089 habendas

262 3131 298 3190 et
320 3124 478 3190 tenendas
502 3124 543 3188 de
565 3123 660 3189 nobis
683 3130 718 3191 et
732 3126 970 3192 successoribus
993 3125 1123 3202 nostris,
1142 3125 1316 3211 praedictas

262 3226 384 3312 viginti
406 3231 441 3290 et
471 3229 537 3290 tres
568 3246 660 3292 acras
683 3232 789 3305 terrae,
813 3227 915 3292 salvis
937 3226 1034 3292 nobis
1069 3231 1103 3292 et
1125 3226 1316 3292 successori-

264 3329 327 3394 bus
345 3329 465 3394 nostris
488 3327 635 3394 serviciis
657 3329 735 3395 inde
766 3329 887 3395 debitis
910 3334 946 3394 et
971 3329 1144 3406 consuetis,
1159 3333 1259 3415 prout
1281 3329 1318 3392 in

264 3435 356 3500 carta
378 3429 571 3496 feofamenti
594 3431 828 3517 praedictorum
858 3430 990 3497 abbatis
1014 3436 1049 3496 et
1070 3437 1253 3498 conventus
1277 3431 1318 3495 dc

267 3532 510 3610 Mslmosburia,
543 3553 672 3598 necnon
705 3537 740 3599 et
777 3537 869 3600 carta
907 3533 1045 3599 Roberti
1083 3534 1123 3598 de
1146 3531 1318 3619 Heywode

267 3635 345 3700 inde
368 3633 523 3701 confectis
545 3633 675 3720 plenius
705 3633 900 3700 continetur.
946 3633 1019 3700 Nec
1047 3633 1161 3700 licebit
1183 3635 1319 3721 praedic·

266 3738 311 3804 tis
335 3737 468 3804 domino
490 3735 605 3803 abbati
628 3742 662 3802 et
684 3737 922 3804 successoribus
944 3736 1013 3800 suis
1035 3742 1139 3802 terras
1162 3737 1216 3802 vel
1246 3759 1320 3824 pss-

265 3847 359 3906 turas
392 3843 522 3906 nostras
556 3838 643 3904 infra
675 3838 860 3905 manerium
892 3843 1043 3904 nostrum
1073 3837 1114 3904 de
1138 3839 1320 3926 Kyngtone

267 3965 342 4010 cum
380 3941 546 4029 aliquibus
583 3941 703 4006 averiis
748 3941 816 4005 suis
857 3961 1099 4026 superonerare,
1137 3962 1196 4028 per
1232 3941 1321 4028 quod

268 4045 412 4131 dampna
446 4042 499 4108 vel
534 4042 746 4108 exhaeredatio
787 4042 932 4108 ecclesiae
977 4048 1099 4108 nostrae
1141 4065 1320 4111 accrescere

269 4149 374 4235 possit
396 4137 593 4223 infuturum,
617 4145 674 4210 sed
705 4145 794 4232 quod
823 4145 970 4211 habeant
995 4147 1032 4211 in
1055 4146 1177 4212 eisdem
1207 4169 1321 4215 sccun-

271 4250 351 4316 dum
374 4249 463 4334 quod
492 4248 670 4335 praedictus
692 4247 857 4312 Robcrtus
880 4249 921 4312 de
944 4247 1116 4333 Heywode
1138 4249 1257 4315 habuit
1278 4249 1322 4316 ad

1320 1605 1428 1658 Lirenas
1440 1607 1468 1656 ot

1321 1680 1402 1737 enti-y,
1413 1671 1455 1722 lor

1320 1741 1365 1789 the
1377 1739 1468 1804 abbcy.
1596 1739 1607 1750 “

271 4358 400 4419 tantam
423 4357 519 4416 terrae
543 4350 774 4435 quantitatem.
820 4349 863 4414 In
893 4349 985 4434 cujus
1016 4351 1064 4416 rei
1094 4351 1322 4417 testimonium
1459 4403 1463 4410 .

270 4455 349 4520 huic
371 4453 501 4540 scripto,
524 4451 568 4518 ad
598 4452 733 4518 modum
763 4452 972 4538 cyrography
994 4451 1148 4530 confecto,
1168 4453 1323 4539 praedicti

270 4557 407 4623 abbates
431 4555 610 4621 Glastoniae
632 4558 667 4620 et
690 4553 933 4619 Malmesburiae
963 4554 1072 4640 sigilla
1098 4576 1159 4619 sua
1180 4555 1322 4621 alterna-

270 4659 335 4726 tim
365 4661 598 4746 apposuerunt,
622 4677 761 4741 quorum
794 4675 961 4741 unapars
994 4677 1095 4742 penes
1126 4656 1322 4742 praedictum

271 4759 442 4827 dominum
471 4759 626 4826 abbatem
658 4757 848 4835 Glastoniae,
872 4757 978 4824 altera
1000 4779 1078 4823 vero
1109 4779 1209 4844 penes
1240 4780 1324 4845 prae-
