<?xml version="1.0" encoding="UTF-8"?>
<!DOCTYPE html PUBLIC "-//W3C//DTD XHTML 1.0 Transitional//EN"
    "http://www.w3.org/TR/xhtml1/DTD/xhtml1-transitional.dtd">
<html xmlns="http://www.w3.org/1999/xhtml" xml:lang="en" lang="en">
 <head>
  <title>
</title>
<meta http-equiv="Content-Type" content="text/html;charset=utf-8" />
  <meta name='ocr-system' content='tesseract 3.04.00' />
  <meta name='ocr-capabilities' content='ocr_page ocr_carea ocr_par ocr_line ocrx_word'/>
</head>
<body>
  <div class='ocr_page' id='page_1' title='image "./registrummalmes00martgoog_0237.png"; bbox 0 0 3566 5820; ppageno 0'>
   <div class='ocr_carea' id='block_1_1' title="bbox 563 920 1357 986">
    <p class='ocr_par' dir='ltr' id='par_1_1' title="bbox 563 920 1357 986">
     <span class='ocr_line' id='line_1_1' title="bbox 563 920 1357 986; baseline 0.003 -2"><span class='ocrx_word' id='word_1_1' title='bbox 563 933 758 984; x_wconf 82' lang='lat' dir='ltr'>uunrsranu</span> <span class='ocrx_word' id='word_1_2' title='bbox 783 933 1103 986; x_wconf 73' lang='lat' dir='ltr'>scararnsuumnusa.</span> <span class='ocrx_word' id='word_1_3' title='bbox 1294 920 1357 986; x_wconf 78' lang='lat'>143</span> 
     </span>
    </p>
   </div>
   <div class='ocr_carea' id='block_1_2' title="bbox 285 1123 1360 2436">
    <p class='ocr_par' dir='ltr' id='par_1_2' title="bbox 309 1123 1359 1925">
     <span class='ocr_line' id='line_1_2' title="bbox 309 1123 1357 1212; baseline 0 -25"><span class='ocrx_word' id='word_1_4' title='bbox 309 1129 449 1208; x_wconf 84' lang='lat' dir='ltr'>pratum,</span> <span class='ocrx_word' id='word_1_5' title='bbox 478 1123 635 1210; x_wconf 72' lang='lat' dir='ltr'>praedicto</span> <span class='ocrx_word' id='word_1_6' title='bbox 667 1123 795 1209; x_wconf 84' lang='lat' dir='ltr'>Rogero</span> <span class='ocrx_word' id='word_1_7' title='bbox 826 1129 864 1212; x_wconf 86' lang='lat' dir='ltr'>et¹</span> <span class='ocrx_word' id='word_1_8' title='bbox 894 1123 1070 1188; x_wconf 86' lang='lat' dir='ltr'>heredibus</span> <span class='ocrx_word' id='word_1_9' title='bbox 1097 1124 1150 1189; x_wconf 88' lang='lat' dir='ltr'>vel</span> <span class='ocrx_word' id='word_1_10' title='bbox 1182 1124 1357 1210; x_wconf 80' lang='lat' dir='ltr'>assignatis</span> 
     </span>
     <span class='ocr_line' id='line_1_3' title="bbox 309 1225 1357 1312; baseline 0.003 -24"><span class='ocrx_word' id='word_1_11' title='bbox 309 1226 384 1302; x_wconf 86' lang='lat' dir='ltr'>suis,</span> <span class='ocrx_word' id='word_1_12' title='bbox 409 1225 508 1289; x_wconf 86' lang='lat' dir='ltr'>libere</span> <span class='ocrx_word' id='word_1_13' title='bbox 531 1231 565 1290; x_wconf 90' lang='lat' dir='ltr'>et</span> <span class='ocrx_word' id='word_1_14' title='bbox 588 1227 707 1310; x_wconf 87' lang='lat' dir='ltr'>quiete,</span> <span class='ocrx_word' id='word_1_15' title='bbox 730 1227 858 1311; x_wconf 85' lang='lat' dir='ltr'>integre</span> <span class='ocrx_word' id='word_1_16' title='bbox 882 1232 916 1291; x_wconf 88' lang='lat' dir='ltr'>ct</span> <span class='ocrx_word' id='word_1_17' title='bbox 939 1225 1082 1311; x_wconf 84' lang='lat' dir='ltr'>pacifice,</span> <span class='ocrx_word' id='word_1_18' title='bbox 1106 1227 1357 1312; x_wconf 74' lang='lat' dir='ltr'><strong>imperpetuum.</strong></span> 
     </span>
     <span class='ocr_line' id='line_1_4' title="bbox 309 1325 1358 1414; baseline 0 -23"><span class='ocrx_word' id='word_1_19' title='bbox 309 1325 354 1391; x_wconf 86' lang='lat' dir='ltr'>Et</span> <span class='ocrx_word' id='word_1_20' title='bbox 387 1327 415 1391; x_wconf 85' lang='lat' dir='ltr'>si</span> <span class='ocrx_word' id='word_1_21' title='bbox 447 1329 559 1392; x_wconf 87' lang='lat' dir='ltr'>averia</span> <span class='ocrx_word' id='word_1_22' title='bbox 591 1333 704 1392; x_wconf 85' lang='lat' dir='ltr'>nostra</span> <span class='ocrx_word' id='word_1_23' title='bbox 734 1329 787 1393; x_wconf 84' lang='lat' dir='ltr'>vel</span> <span class='ocrx_word' id='word_1_24' title='bbox 819 1328 991 1393; x_wconf 87' lang='lat' dir='ltr'>hominum</span> <span class='ocrx_word' id='word_1_25' title='bbox 1026 1334 1212 1393; x_wconf 89' lang='lat' dir='ltr'>nostrorum</span> <span class='ocrx_word' id='word_1_26' title='bbox 1246 1329 1358 1414; x_wconf 86' lang='lat' dir='ltr'>aliquo</span> 
     </span>
     <span class='ocr_line' id='line_1_5' title="bbox 309 1429 1359 1516; baseline 0.002 -24"><span class='ocrx_word' id='word_1_27' title='bbox 309 1435 454 1514; x_wconf 88' lang='lat' dir='ltr'>tempore</span> <span class='ocrx_word' id='word_1_28' title='bbox 486 1431 612 1494; x_wconf 91' lang='lat' dir='ltr'>intrent</span> <span class='ocrx_word' id='word_1_29' title='bbox 642 1429 729 1494; x_wconf 83' lang='lat' dir='ltr'>infra</span> <span class='ocrx_word' id='word_1_30' title='bbox 757 1430 949 1516; x_wconf 72' lang='lat' dir='ltr'><strong>praedictam</strong></span> <span class='ocrx_word' id='word_1_31' title='bbox 981 1430 1126 1507; x_wconf 81' lang='lat' dir='ltr'>croftam,</span> <span class='ocrx_word' id='word_1_32' title='bbox 1150 1431 1292 1508; x_wconf 90' lang='lat' dir='ltr'>boscum,</span> <span class='ocrx_word' id='word_1_33' title='bbox 1324 1437 1359 1494; x_wconf 90' lang='lat' dir='ltr'>et</span> 
     </span>
     <span class='ocr_line' id='line_1_6' title="bbox 309 1531 1358 1617; baseline 0.002 -23"><span class='ocrx_word' id='word_1_34' title='bbox 309 1535 441 1616; x_wconf 85' lang='lat' dir='ltr'>pratum</span> <span class='ocrx_word' id='word_1_35' title='bbox 472 1531 622 1616; x_wconf 84' lang='lat' dir='ltr'>praedicti</span> <span class='ocrx_word' id='word_1_36' title='bbox 649 1532 777 1617; x_wconf 65' lang='lat' dir='ltr'>Regem.</span> <span class='ocrx_word' id='word_1_37' title='bbox 806 1536 940 1617; x_wconf 90' lang='lat' dir='ltr'>propter</span> <span class='ocrx_word' id='word_1_38' title='bbox 963 1532 1127 1597; x_wconf 86' lang='lat' dir='ltr'>defectum</span> <span class='ocrx_word' id='word_1_39' title='bbox 1159 1531 1358 1596; x_wconf 74' lang='lat' dir='ltr'>fossatorum</span> 
     </span>
     <span class='ocr_line' id='line_1_7' title="bbox 309 1631 1359 1722; baseline 0.001 -25"><span class='ocrx_word' id='word_1_40' title='bbox 309 1633 362 1697; x_wconf 87' lang='lat' dir='ltr'>vel</span> <span class='ocrx_word' id='word_1_41' title='bbox 385 1633 560 1699; x_wconf 76' lang='lat' dir='ltr'>claustuue</span> <span class='ocrx_word' id='word_1_42' title='bbox 598 1635 749 1721; x_wconf 85' lang='lat' dir='ltr'>praedicti</span> <span class='ocrx_word' id='word_1_43' title='bbox 788 1635 918 1722; x_wconf 79' lang='lat' dir='ltr'>Rogcri,</span> <span class='ocrx_word' id='word_1_44' title='bbox 938 1631 1024 1700; x_wconf 84' lang='lat' dir='ltr'>&#39;non</span> <span class='ocrx_word' id='word_1_45' title='bbox 1063 1634 1161 1700; x_wconf 88' lang='lat' dir='ltr'>liceat</span> <span class='ocrx_word' id='word_1_46' title='bbox 1199 1634 1359 1720; x_wconf 85' lang='lat' dir='ltr'>praedicto</span> 
     </span>
     <span class='ocr_line' id='line_1_8' title="bbox 310 1735 1359 1822; baseline 0.003 -23"><span class='ocrx_word' id='word_1_47' title='bbox 310 1735 437 1822; x_wconf 83' lang='lat' dir='ltr'>Rogcro</span> <span class='ocrx_word' id='word_1_48' title='bbox 464 1737 517 1801; x_wconf 90' lang='lat' dir='ltr'>vel</span> <span class='ocrx_word' id='word_1_49' title='bbox 540 1737 716 1802; x_wconf 81' lang='lat' dir='ltr'>heredibus</span> <span class='ocrx_word' id='word_1_50' title='bbox 747 1759 804 1801; x_wconf 89' lang='lat' dir='ltr'>seu</span> <span class='ocrx_word' id='word_1_51' title='bbox 835 1737 1011 1822; x_wconf 80' lang='lat' dir='ltr'>assignatis</span> <span class='ocrx_word' id='word_1_52' title='bbox 1042 1738 1111 1800; x_wconf 89' lang='lat' dir='ltr'>suis</span> <span class='ocrx_word' id='word_1_53' title='bbox 1143 1736 1255 1800; x_wconf 82' lang='lat' dir='ltr'>averie</span> <span class='ocrx_word' id='word_1_54' title='bbox 1287 1738 1359 1822; x_wconf 83' lang='lat' dir='ltr'>ipsa</span> 
     </span>
     <span class='ocr_line' id='line_1_9' title="bbox 310 1837 1246 1925; baseline 0 -23"><span class='ocrx_word' id='word_1_55' title='bbox 310 1839 488 1923; x_wconf 86' lang='lat' dir='ltr'>inparcare,</span> <span class='ocrx_word' id='word_1_56' title='bbox 512 1838 566 1904; x_wconf 90' lang='lat' dir='ltr'>vel</span> <span class='ocrx_word' id='word_1_57' title='bbox 598 1839 725 1924; x_wconf 88' lang='lat' dir='ltr'>aliquid</span> <span class='ocrx_word' id='word_1_58' title='bbox 748 1859 807 1925; x_wconf 87' lang='lat' dir='ltr'>pro</span> <span class='ocrx_word' id='word_1_59' title='bbox 831 1839 975 1924; x_wconf 89' lang='lat' dir='ltr'>dampno</span> <span class='ocrx_word' id='word_1_60' title='bbox 997 1838 1084 1903; x_wconf 85' lang='lat' dir='ltr'>facto</span> <span class='ocrx_word' id='word_1_61' title='bbox 1108 1837 1246 1924; x_wconf 83' lang='lat' dir='ltr'>exigere.</span> 
     </span>
    </p>

    <p class='ocr_par' dir='ltr' id='par_1_3' title="bbox 285 1940 1360 2436">
     <span class='ocr_line' id='line_1_10' title="bbox 354 1940 1360 2026; baseline 0 -23"><span class='ocrx_word' id='word_1_62' title='bbox 354 1940 395 2004; x_wconf 92' lang='lat' dir='ltr'>In</span> <span class='ocrx_word' id='word_1_63' title='bbox 419 1941 513 2025; x_wconf 85' lang='lat' dir='ltr'>cujus</span> <span class='ocrx_word' id='word_1_64' title='bbox 536 1940 583 2006; x_wconf 90' lang='lat' dir='ltr'>rei</span> <span class='ocrx_word' id='word_1_65' title='bbox 615 1941 841 2006; x_wconf 85' lang='lat' dir='ltr'>testimonium</span> <span class='ocrx_word' id='word_1_66' title='bbox 865 1941 932 2004; x_wconf 91' lang='lat' dir='ltr'>duo</span> <span class='ocrx_word' id='word_1_67' title='bbox 958 1941 1046 2004; x_wconf 91' lang='lat' dir='ltr'>inter</span> <span class='ocrx_word' id='word_1_68' title='bbox 1072 1961 1132 2004; x_wconf 87' lang='lat' dir='ltr'>nos</span> <span class='ocrx_word' id='word_1_69' title='bbox 1160 1946 1194 2004; x_wconf 88' lang='lat' dir='ltr'>et</span> <span class='ocrx_word' id='word_1_70' title='bbox 1224 1941 1360 2026; x_wconf 88' lang='lat' dir='ltr'>praedic-</span> 
     </span>
     <span class='ocr_line' id='line_1_11' title="bbox 310 2041 1360 2128; baseline 0.001 -23"><span class='ocrx_word' id='word_1_71' title='bbox 310 2047 391 2105; x_wconf 87' lang='lat' dir='ltr'>tum·</span> <span class='ocrx_word' id='word_1_72' title='bbox 405 2041 569 2128; x_wconf 86' lang='lat' dir='ltr'>Rogerum</span> <span class='ocrx_word' id='word_1_73' title='bbox 593 2043 742 2109; x_wconf 82' lang='lat' dir='ltr'>conlecta</span> <span class='ocrx_word' id='word_1_74' title='bbox 765 2048 843 2107; x_wconf 89' lang='lat' dir='ltr'>sunt</span> <span class='ocrx_word' id='word_1_75' title='bbox 866 2044 1088 2107; x_wconf 87' lang='lat' dir='ltr'>instrumenta</span> <span class='ocrx_word' id='word_1_76' title='bbox 1114 2043 1217 2128; x_wconf 89' lang='lat' dir='ltr'>signis</span> <span class='ocrx_word' id='word_1_77' title='bbox 1239 2045 1360 2108; x_wconf 85' lang='lat' dir='ltr'>nostris</span> 
     </span>
     <span class='ocr_line' id='line_1_12' title="bbox 285 2142 1358 2237; baseline 0.002 -30"><span class='ocrx_word' id='word_1_78' title='bbox 285 2229 290 2237; x_wconf 34' lang='grc' dir='ltr'>Ι</span> <span class='ocrx_word' id='word_1_79' title='bbox 310 2142 499 2208; x_wconf 85' lang='lat' dir='ltr'>alternatim</span> <span class='ocrx_word' id='word_1_80' title='bbox 530 2145 667 2230; x_wconf 84' lang='lat' dir='ltr'>signata,</span> <span class='ocrx_word' id='word_1_81' title='bbox 692 2167 829 2230; x_wconf 85' lang='lat' dir='ltr'>quorum</span> <span class='ocrx_word' id='word_1_82' title='bbox 853 2166 957 2208; x_wconf 87' lang='lat' dir='ltr'>unum</span> <span class='ocrx_word' id='word_1_83' title='bbox 984 2150 1133 2209; x_wconf 81' lang='lat' dir='ltr'>remanat</span> <span class='ocrx_word' id='word_1_84' title='bbox 1155 2166 1254 2230; x_wconf 90' lang='lat' dir='ltr'>penes</span> <span class='ocrx_word' id='word_1_85' title='bbox 1277 2167 1358 2230; x_wconf 88' lang='lat' dir='ltr'>prae-</span> 
     </span>
     <span class='ocr_line' id='line_1_13' title="bbox 310 2245 1360 2332; baseline 0.005 -24"><span class='ocrx_word' id='word_1_86' title='bbox 310 2245 435 2310; x_wconf 90' lang='lat' dir='ltr'>dictum</span> <span class='ocrx_word' id='word_1_87' title='bbox 460 2245 624 2332; x_wconf 87' lang='lat' dir='ltr'>Rogerum</span> <span class='ocrx_word' id='word_1_88' title='bbox 648 2248 750 2332; x_wconf 84' lang='lat' dir='ltr'>signis</span> <span class='ocrx_word' id='word_1_89' title='bbox 772 2247 894 2320; x_wconf 85' lang='lat' dir='ltr'>nostris</span> <span class='ocrx_word' id='word_1_90' title='bbox 916 2247 1093 2331; x_wconf 85' lang='lat' dir='ltr'>signatum,</span> <span class='ocrx_word' id='word_1_91' title='bbox 1117 2246 1258 2312; x_wconf 82' lang='lat' dir='ltr'>alterum</span> <span class='ocrx_word' id='word_1_92' title='bbox 1282 2269 1360 2314; x_wconf 85' lang='lat' dir='ltr'>vcro</span> 
     </span>
     <span class='ocr_line' id='line_1_14' title="bbox 310 2348 1126 2436; baseline 0.001 -24"><span class='ocrx_word' id='word_1_93' title='bbox 310 2367 409 2436; x_wconf 84' lang='lat' dir='ltr'>panes</span> <span class='ocrx_word' id='word_1_94' title='bbox 432 2369 491 2412; x_wconf 89' lang='lat' dir='ltr'>nos</span> <span class='ocrx_word' id='word_1_95' title='bbox 514 2348 608 2435; x_wconf 80' lang='lat' dir='ltr'>signo</span> <span class='ocrx_word' id='word_1_96' title='bbox 631 2350 782 2434; x_wconf 86' lang='lat' dir='ltr'>praedicti</span> <span class='ocrx_word' id='word_1_97' title='bbox 805 2348 926 2434; x_wconf 86' lang='lat' dir='ltr'>Rogeri</span> <span class='ocrx_word' id='word_1_98' title='bbox 950 2350 1126 2434; x_wconf 83' lang='lat' dir='ltr'>signatum.</span> 
     </span>
    </p>
   </div>
   <div class='ocr_carea' id='block_1_3' title="bbox 310 2525 1358 2774">
    <p class='ocr_par' dir='ltr' id='par_1_4' title="bbox 310 2525 1358 2774">
     <span class='ocr_line' id='line_1_15' title="bbox 637 2525 991 2633; baseline -0.003 0"><span class='ocrx_word' id='word_1_99' title='bbox 637 2525 638 2529; x_wconf 5' lang='grc' dir='ltr'>Ὺ</span> <span class='ocrx_word' id='word_1_100' title='bbox 679 2569 757 2633; x_wconf 68' lang='lat' dir='ltr'>on.</span> <span class='ocrx_word' id='word_1_101' title='bbox 783 2566 991 2633; x_wconf 73' lang='lat' dir='ltr'>cccxxvi.</span> 
     </span>
     <span class='ocr_line' id='line_1_16' title="bbox 310 2700 1358 2774; baseline -0.002 0"><span class='ocrx_word' id='word_1_102' title='bbox 310 2707 358 2774; x_wconf 86' lang='lat' dir='ltr'>Dc</span> <span class='ocrx_word' id='word_1_103' title='bbox 378 2700 574 2772; x_wconf 70' lang='lat' dir='ltr'>emicrulino</span> <span class='ocrx_word' id='word_1_104' title='bbox 595 2705 636 2770; x_wconf 86' lang='lat' dir='ltr'>dc</span> <span class='ocrx_word' id='word_1_105' title='bbox 654 2704 825 2770; x_wconf 79' lang='lat' dir='ltr'>Olcrltoue</span> <span class='ocrx_word' id='word_1_106' title='bbox 849 2705 977 2770; x_wconf 80' lang='lat' dir='ltr'>trudito</span> <span class='ocrx_word' id='word_1_107' title='bbox 998 2704 1141 2771; x_wconf 80' lang='lat' dir='ltr'>Waltero</span> <span class='ocrx_word' id='word_1_108' title='bbox 1160 2705 1199 2771; x_wconf 85' lang='lat' dir='ltr'>dc</span> <span class='ocrx_word' id='word_1_109' title='bbox 1215 2706 1358 2774; x_wconf 68' lang='lat' dir='ltr'>dolorm.</span> 
     </span>
    </p>
   </div>
   <div class='ocr_carea' id='block_1_4' title="bbox 311 2835 1520 4763">
    <p class='ocr_par' dir='ltr' id='par_1_5' title="bbox 311 2835 1520 4763">
     <span class='ocr_line' id='line_1_17' title="bbox 355 2835 1520 2933; baseline 0.004 -31"><span class='ocrx_word' id='word_1_110' title='bbox 355 2837 528 2902; x_wconf 89' lang='lat' dir='ltr'>Universis</span> <span class='ocrx_word' id='word_1_111' title='bbox 553 2835 677 2902; x_wconf 81' lang='lat' dir='ltr'>Christi</span> <span class='ocrx_word' id='word_1_112' title='bbox 709 2837 860 2900; x_wconf 88' lang='lat' dir='ltr'>fidelibus</span> <span class='ocrx_word' id='word_1_113' title='bbox 891 2857 1033 2921; x_wconf 74' lang='lat' dir='ltr'>praesens</span> <span class='ocrx_word' id='word_1_114' title='bbox 1057 2838 1215 2923; x_wconf 88' lang='lat' dir='ltr'>scriptum</span> <span class='ocrx_word' id='word_1_115' title='bbox 1240 2839 1360 2904; x_wconf 83' lang='lat' dir='ltr'>visuris</span> <span class='ocrx_word' id='word_1_116' title='bbox 1373 2857 1520 2933; x_wconf 62' lang='lat' dir='ltr'>Lemeofa</span> 
     </span>
     <span class='ocr_line' id='line_1_18' title="bbox 311 2921 1434 3027; baseline 0.003 -21"><span class='ocrx_word' id='word_1_117' title='bbox 311 2944 364 3008; x_wconf 89' lang='lat' dir='ltr'>vel</span> <span class='ocrx_word' id='word_1_118' title='bbox 387 2942 560 3020; x_wconf 87' lang='lat' dir='ltr'>audituris,</span> <span class='ocrx_word' id='word_1_119' title='bbox 576 2941 743 3007; x_wconf 81' lang='lat' dir='ltr'>Galfridus</span> <span class='ocrx_word' id='word_1_120' title='bbox 766 2941 830 3006; x_wconf 92' lang='lat' dir='ltr'>Dei</span> <span class='ocrx_word' id='word_1_121' title='bbox 852 2942 960 3027; x_wconf 83' lang='lat' dir='ltr'>gratia</span> <span class='ocrx_word' id='word_1_122' title='bbox 982 2941 1083 3006; x_wconf 89' lang='lat' dir='ltr'>abhas</span> <span class='ocrx_word' id='word_1_123' title='bbox 1107 2941 1358 3024; x_wconf 80' lang='lat' dir='ltr'>Melmesburiae,</span> <span class='ocrx_word' id='word_1_124' title='bbox 1373 2921 1434 2973; x_wconf 83' lang='lat' dir='ltr'>mul.</span> 
     </span>
     <span class='ocr_line' id='line_1_19' title="bbox 312 3043 1357 3131; baseline 0.002 -21"><span class='ocrx_word' id='word_1_125' title='bbox 312 3052 346 3110; x_wconf 87' lang='lat' dir='ltr'>et</span> <span class='ocrx_word' id='word_1_126' title='bbox 368 3045 513 3131; x_wconf 87' lang='lat' dir='ltr'>ejusdem</span> <span class='ocrx_word' id='word_1_127' title='bbox 529 3045 591 3109; x_wconf 91' lang='lat' dir='ltr'>loci</span> <span class='ocrx_word' id='word_1_128' title='bbox 614 3051 804 3121; x_wconf 83' lang='lat' dir='ltr'>conventus,</span> <span class='ocrx_word' id='word_1_129' title='bbox 819 3044 960 3108; x_wconf 79' lang='lat' dir='ltr'>salutem</span> <span class='ocrx_word' id='word_1_130' title='bbox 975 3049 1133 3108; x_wconf 81' lang='lat' dir='ltr'>aeternam</span> <span class='ocrx_word' id='word_1_131' title='bbox 1156 3045 1192 3109; x_wconf 94' lang='lat' dir='ltr'>in</span> <span class='ocrx_word' id='word_1_132' title='bbox 1207 3043 1357 3113; x_wconf 90' lang='lat' dir='ltr'>Domino.</span> 
     </span>
     <span class='ocr_line' id='line_1_20' title="bbox 312 3147 1360 3214; baseline 0.004 -4"><span class='ocrx_word' id='word_1_133' title='bbox 312 3147 453 3212; x_wconf 78' lang='lat' dir='ltr'>Noverit</span> <span class='ocrx_word' id='word_1_134' title='bbox 487 3147 687 3212; x_wconf 70' lang='lat' dir='ltr'>universitas</span> <span class='ocrx_word' id='word_1_135' title='bbox 721 3150 832 3210; x_wconf 86' lang='lat' dir='ltr'>vestra</span> <span class='ocrx_word' id='word_1_136' title='bbox 873 3166 932 3210; x_wconf 92' lang='lat' dir='ltr'>nos</span> <span class='ocrx_word' id='word_1_137' title='bbox 964 3147 1158 3211; x_wconf 80' lang='lat' dir='ltr'>concessisse</span> <span class='ocrx_word' id='word_1_138' title='bbox 1191 3152 1225 3212; x_wconf 86' lang='lat' dir='ltr'>et</span> <span class='ocrx_word' id='word_1_139' title='bbox 1258 3147 1360 3214; x_wconf 84' lang='lat' dir='ltr'>tradi-</span> 
     </span>
     <span class='ocr_line' id='line_1_21' title="bbox 313 3247 1360 3329; baseline -0.002 -13"><span class='ocrx_word' id='word_1_140' title='bbox 313 3250 397 3316; x_wconf 81' lang='lat' dir='ltr'>disse</span> <span class='ocrx_word' id='word_1_141' title='bbox 420 3247 566 3314; x_wconf 87' lang='lat' dir='ltr'>Waltero</span> <span class='ocrx_word' id='word_1_142' title='bbox 598 3249 638 3313; x_wconf 92' lang='lat' dir='ltr'>de</span> <span class='ocrx_word' id='word_1_143' title='bbox 672 3247 818 3325; x_wconf 81' lang='lat' dir='ltr'>Oolerne,</span> <span class='ocrx_word' id='word_1_144' title='bbox 842 3248 910 3311; x_wconf 91' lang='lat' dir='ltr'>filio</span> <span class='ocrx_word' id='word_1_145' title='bbox 941 3247 1099 3312; x_wconf 88' lang='lat' dir='ltr'>Willelmi</span> <span class='ocrx_word' id='word_1_146' title='bbox 1132 3248 1173 3313; x_wconf 87' lang='lat' dir='ltr'>de</span> <span class='ocrx_word' id='word_1_147' title='bbox 1206 3248 1360 3329; x_wconf 70' lang='lat' dir='ltr'>picwode</span> 
     </span>
     <span class='ocr_line' id='line_1_22' title="bbox 313 3348 1361 3430; baseline 0.001 -14"><span class='ocrx_word' id='word_1_148' title='bbox 313 3351 534 3416; x_wconf 88' lang='lat' dir='ltr'>molendinum</span> <span class='ocrx_word' id='word_1_149' title='bbox 569 3356 717 3416; x_wconf 90' lang='lat' dir='ltr'>nostrum</span> <span class='ocrx_word' id='word_1_150' title='bbox 752 3351 792 3415; x_wconf 89' lang='lat' dir='ltr'>de</span> <span class='ocrx_word' id='word_1_151' title='bbox 822 3348 1028 3426; x_wconf 82' lang='lat' dir='ltr'>Chorletone‚</span> <span class='ocrx_word' id='word_1_152' title='bbox 1053 3351 1095 3416; x_wconf 86' lang='lat' dir='ltr'>ad</span> <span class='ocrx_word' id='word_1_153' title='bbox 1126 3350 1263 3430; x_wconf 85' lang='lat' dir='ltr'>firmam,</span> <span class='ocrx_word' id='word_1_154' title='bbox 1286 3372 1361 3417; x_wconf 87' lang='lat' dir='ltr'>oum</span> 
     </span>
     <span class='ocr_line' id='line_1_23' title="bbox 313 3452 1360 3541; baseline 0.001 -24"><span class='ocrx_word' id='word_1_155' title='bbox 313 3453 454 3541; x_wconf 83' lang='lat' dir='ltr'>dimidia¹</span> <span class='ocrx_word' id='word_1_156' title='bbox 472 3453 602 3538; x_wconf 77' lang='lat' dir='ltr'>virgata</span> <span class='ocrx_word' id='word_1_157' title='bbox 624 3457 729 3528; x_wconf 86' lang='lat' dir='ltr'>terrae,</span> <span class='ocrx_word' id='word_1_158' title='bbox 746 3457 780 3516; x_wconf 91' lang='lat' dir='ltr'>et</span> <span class='ocrx_word' id='word_1_159' title='bbox 802 3457 938 3538; x_wconf 89' lang='lat' dir='ltr'>pastura</span> <span class='ocrx_word' id='word_1_160' title='bbox 960 3473 1018 3516; x_wconf 86' lang='lat' dir='ltr'>sex</span> <span class='ocrx_word' id='word_1_161' title='bbox 1041 3453 1150 3528; x_wconf 83' lang='lat' dir='ltr'>bourn,</span> <span class='ocrx_word' id='word_1_162' title='bbox 1173 3453 1208 3516; x_wconf 88' lang='lat' dir='ltr'>in</span> <span class='ocrx_word' id='word_1_163' title='bbox 1224 3452 1360 3538; x_wconf 70' lang='lat' dir='ltr'>&#39;spineto</span> 
     </span>
     <span class='ocr_line' id='line_1_24' title="bbox 313 3553 1361 3632; baseline 0 -13"><span class='ocrx_word' id='word_1_164' title='bbox 313 3556 354 3619; x_wconf 93' lang='lat' dir='ltr'>de</span> <span class='ocrx_word' id='word_1_165' title='bbox 389 3554 594 3631; x_wconf 79' lang='lat' dir='ltr'>Chorletone‚</span> <span class='ocrx_word' id='word_1_166' title='bbox 621 3560 655 3618; x_wconf 88' lang='lat' dir='ltr'>et</span> <span class='ocrx_word' id='word_1_167' title='bbox 689 3553 799 3620; x_wconf 89' lang='lat' dir='ltr'>secta¹</span> <span class='ocrx_word' id='word_1_168' title='bbox 834 3554 945 3618; x_wconf 88' lang='lat' dir='ltr'>debita</span> <span class='ocrx_word' id='word_1_169' title='bbox 977 3559 1011 3618; x_wconf 88' lang='lat' dir='ltr'>et</span> <span class='ocrx_word' id='word_1_170' title='bbox 1034 3560 1198 3632; x_wconf 84' lang='lat' dir='ltr'>consueta,</span> <span class='ocrx_word' id='word_1_171' title='bbox 1230 3559 1265 3618; x_wconf 87' lang='lat' dir='ltr'>et</span> <span class='ocrx_word' id='word_1_172' title='bbox 1287 3577 1361 3620; x_wconf 89' lang='lat' dir='ltr'>cum</span> 
     </span>
     <span class='ocr_line' id='line_1_25' title="bbox 313 3656 1449 3741; baseline 0.001 -20"><span class='ocrx_word' id='word_1_173' title='bbox 313 3657 464 3722; x_wconf 88' lang='lat' dir='ltr'>omnibus</span> <span class='ocrx_word' id='word_1_174' title='bbox 496 3657 569 3722; x_wconf 85' lang='lat' dir='ltr'>aliis</span> <span class='ocrx_word' id='word_1_175' title='bbox 604 3657 646 3721; x_wconf 88' lang='lat' dir='ltr'>ad</span> <span class='ocrx_word' id='word_1_176' title='bbox 670 3657 796 3721; x_wconf 88' lang='lat' dir='ltr'>dictum</span> <span class='ocrx_word' id='word_1_177' title='bbox 834 3657 1059 3721; x_wconf 86' lang='lat' dir='ltr'>molendinum</span> <span class='ocrx_word' id='word_1_178' title='bbox 1098 3656 1362 3741; x_wconf 84' lang='lat' dir='ltr'>pertinentibus:</span> <span class='ocrx_word' id='word_1_179' title='bbox 1447 3684 1449 3688; x_wconf 93' lang='lat'>·</span> 
     </span>
     <span class='ocr_line' id='line_1_26' title="bbox 313 3757 1362 3842; baseline 0 -19"><span class='ocrx_word' id='word_1_180' title='bbox 313 3759 493 3823; x_wconf 85' lang='lat' dir='ltr'>tenendum</span> <span class='ocrx_word' id='word_1_181' title='bbox 526 3759 565 3823; x_wconf 89' lang='lat' dir='ltr'>de</span> <span class='ocrx_word' id='word_1_182' title='bbox 598 3757 693 3822; x_wconf 88' lang='lat' dir='ltr'>nobis</span> <span class='ocrx_word' id='word_1_183' title='bbox 720 3757 829 3842; x_wconf 88' lang='lat' dir='ltr'>quoad</span> <span class='ocrx_word' id='word_1_184' title='bbox 859 3757 984 3822; x_wconf 84' lang='lat' dir='ltr'>vixerit</span> <span class='ocrx_word' id='word_1_185' title='bbox 1013 3762 1163 3836; x_wconf 82' lang='lat' dir='ltr'>tantum3</span> <span class='ocrx_word' id='word_1_186' title='bbox 1197 3757 1362 3823; x_wconf 88' lang='lat' dir='ltr'>reddendo</span> 
     </span>
     <span class='ocr_line' id='line_1_27' title="bbox 314 3862 1363 3948; baseline 0.001 -23"><span class='ocrx_word' id='word_1_187' title='bbox 314 3862 390 3928; x_wconf 88' lang='lat' dir='ltr'>inde</span> <span class='ocrx_word' id='word_1_188' title='bbox 413 3863 601 3948; x_wconf 86' lang='lat' dir='ltr'>coquinario</span> <span class='ocrx_word' id='word_1_189' title='bbox 633 3867 745 3927; x_wconf 88' lang='lat' dir='ltr'>nostro</span> <span class='ocrx_word' id='word_1_190' title='bbox 769 3863 826 3947; x_wconf 91' lang='lat' dir='ltr'>qui</span> <span class='ocrx_word' id='word_1_191' title='bbox 849 3883 909 3946; x_wconf 90' lang='lat' dir='ltr'>pro</span> <span class='ocrx_word' id='word_1_192' title='bbox 932 3867 1078 3947; x_wconf 89' lang='lat' dir='ltr'>tempore</span> <span class='ocrx_word' id='word_1_193' title='bbox 1101 3862 1202 3927; x_wconf 89' lang='lat' dir='ltr'>fuerit</span> <span class='ocrx_word' id='word_1_194' title='bbox 1224 3863 1363 3948; x_wconf 87' lang='lat' dir='ltr'>singulis</span> 
     </span>
     <span class='ocr_line' id='line_1_28' title="bbox 314 3963 1364 4050; baseline 0 -21"><span class='ocrx_word' id='word_1_195' title='bbox 314 3965 410 4029; x_wconf 82' lang='lat' dir='ltr'>annis</span> <span class='ocrx_word' id='word_1_196' title='bbox 424 3963 564 4050; x_wconf 88' lang='lat' dir='ltr'>triginta</span> <span class='ocrx_word' id='word_1_197' title='bbox 579 3963 699 4028; x_wconf 89' lang='lat' dir='ltr'>solidos</span> <span class='ocrx_word' id='word_1_198' title='bbox 715 3963 980 4048; x_wconf 79' lang='lat' dir='ltr'>sterlinguorum,</span> <span class='ocrx_word' id='word_1_199' title='bbox 995 3963 1037 4028; x_wconf 86' lang='lat' dir='ltr'>ad</span> <span class='ocrx_word' id='word_1_200' title='bbox 1054 3969 1195 4048; x_wconf 89' lang='lat' dir='ltr'>quatuor</span> <span class='ocrx_word' id='word_1_201' title='bbox 1206 3965 1364 4029; x_wconf 85' lang='lat' dir='ltr'>terminos</span> 
     </span>
     <span class='ocr_line' id='line_1_29' title="bbox 312 4064 1363 4143; baseline -0.001 -10"><span class='ocrx_word' id='word_1_202' title='bbox 312 4067 401 4142; x_wconf 81' lang='lat' dir='ltr'>anni,</span> <span class='ocrx_word' id='word_1_203' title='bbox 424 4069 459 4131; x_wconf 90' lang='lat' dir='ltr'>et</span> <span class='ocrx_word' id='word_1_204' title='bbox 481 4065 576 4132; x_wconf 90' lang='lat' dir='ltr'>nobis</span> <span class='ocrx_word' id='word_1_205' title='bbox 599 4065 749 4131; x_wconf 87' lang='lat' dir='ltr'>denarios</span> <span class='ocrx_word' id='word_1_206' title='bbox 774 4065 888 4132; x_wconf 82' lang='lat' dir='ltr'>Sancti</span> <span class='ocrx_word' id='word_1_207' title='bbox 911 4064 1020 4143; x_wconf 86' lang='lat' dir='ltr'>Petri;</span> <span class='ocrx_word' id='word_1_208' title='bbox 1043 4064 1206 4143; x_wconf 85' lang='lat' dir='ltr'>videlicet,</span> <span class='ocrx_word' id='word_1_209' title='bbox 1222 4067 1257 4129; x_wconf 90' lang='lat' dir='ltr'>in</span> <span class='ocrx_word' id='word_1_210' title='bbox 1280 4066 1363 4132; x_wconf 86' lang='lat' dir='ltr'>festo</span> 
     </span>
     <span class='ocr_line' id='line_1_30' title="bbox 314 4165 1363 4253; baseline -0.001 -20"><span class='ocrx_word' id='word_1_211' title='bbox 314 4167 428 4234; x_wconf 81' lang='lat' dir='ltr'>Sancti</span> <span class='ocrx_word' id='word_1_212' title='bbox 459 4166 630 4233; x_wconf 79' lang='lat' dir='ltr'>Michaelis</span> <span class='ocrx_word' id='word_1_213' title='bbox 663 4172 789 4253; x_wconf 86' lang='lat' dir='ltr'>septem</span> <span class='ocrx_word' id='word_1_214' title='bbox 823 4165 879 4231; x_wconf 89' lang='lat' dir='ltr'>sol.</span> <span class='ocrx_word' id='word_1_215' title='bbox 917 4172 951 4231; x_wconf 92' lang='lat' dir='ltr'>et</span> <span class='ocrx_word' id='word_1_216' title='bbox 985 4188 1044 4231; x_wconf 89' lang='lat' dir='ltr'>sex</span> <span class='ocrx_word' id='word_1_217' title='bbox 1082 4166 1176 4246; x_wconf 88' lang='lat' dir='ltr'>den.;</span> <span class='ocrx_word' id='word_1_218' title='bbox 1214 4168 1250 4231; x_wconf 91' lang='lat' dir='ltr'>in</span> <span class='ocrx_word' id='word_1_219' title='bbox 1280 4167 1363 4234; x_wconf 84' lang='lat' dir='ltr'>festo</span> 
     </span>
     <span class='ocr_line' id='line_1_31' title="bbox 314 4269 1363 4346; baseline 0 -11"><span class='ocrx_word' id='word_1_220' title='bbox 314 4269 427 4335; x_wconf 87' lang='lat' dir='ltr'>Sancti</span> <span class='ocrx_word' id='word_1_221' title='bbox 451 4271 592 4335; x_wconf 78' lang='lat' dir='ltr'>Andreae</span> <span class='ocrx_word' id='word_1_222' title='bbox 615 4271 669 4335; x_wconf 90' lang='lat' dir='ltr'>vii.</span> <span class='ocrx_word' id='word_1_223' title='bbox 694 4269 749 4335; x_wconf 90' lang='lat' dir='ltr'>sol.</span> <span class='ocrx_word' id='word_1_224' title='bbox 774 4275 808 4334; x_wconf 90' lang='lat' dir='ltr'>et</span> <span class='ocrx_word' id='word_1_225' title='bbox 831 4289 889 4333; x_wconf 83' lang='lat' dir='ltr'>sex</span> <span class='ocrx_word' id='word_1_226' title='bbox 912 4270 1006 4346; x_wconf 86' lang='lat' dir='ltr'>den.;</span> <span class='ocrx_word' id='word_1_227' title='bbox 1037 4269 1072 4332; x_wconf 94' lang='lat' dir='ltr'>in</span> <span class='ocrx_word' id='word_1_228' title='bbox 1095 4269 1363 4335; x_wconf 84' lang='lat' dir='ltr'>Annunciatione</span> 
     </span>
     <span class='ocr_line' id='line_1_32' title="bbox 313 4370 1363 4452; baseline 0.001 -14"><span class='ocrx_word' id='word_1_229' title='bbox 313 4373 425 4438; x_wconf 82' lang='lat' dir='ltr'>Beatae</span> <span class='ocrx_word' id='word_1_230' title='bbox 450 4372 564 4438; x_wconf 87' lang='lat' dir='ltr'>Mariae</span> <span class='ocrx_word' id='word_1_231' title='bbox 588 4373 643 4438; x_wconf 90' lang='lat' dir='ltr'>vii.</span> <span class='ocrx_word' id='word_1_232' title='bbox 676 4373 732 4437; x_wconf 86' lang='lat' dir='ltr'>sol.</span> <span class='ocrx_word' id='word_1_233' title='bbox 766 4378 800 4436; x_wconf 90' lang='lat' dir='ltr'>et</span> <span class='ocrx_word' id='word_1_234' title='bbox 830 4394 888 4437; x_wconf 85' lang='lat' dir='ltr'>sex</span> <span class='ocrx_word' id='word_1_235' title='bbox 919 4370 1013 4452; x_wconf 87' lang='lat' dir='ltr'>den.;</span> <span class='ocrx_word' id='word_1_236' title='bbox 1039 4377 1074 4436; x_wconf 90' lang='lat' dir='ltr'>et</span> <span class='ocrx_word' id='word_1_237' title='bbox 1106 4373 1141 4436; x_wconf 91' lang='lat' dir='ltr'>in</span> <span class='ocrx_word' id='word_1_238' title='bbox 1174 4371 1363 4439; x_wconf 86' lang='lat' dir='ltr'>Nativitate</span> 
     </span>
     <span class='ocr_line' id='line_1_33' title="bbox 313 4472 1363 4561; baseline -0.001 -21"><span class='ocrx_word' id='word_1_239' title='bbox 313 4475 408 4540; x_wconf 85' lang='lat' dir='ltr'>Beati</span> <span class='ocrx_word' id='word_1_240' title='bbox 443 4474 605 4540; x_wconf 87' lang='lat' dir='ltr'>Johannis</span> <span class='ocrx_word' id='word_1_241' title='bbox 637 4475 797 4560; x_wconf 71' lang='lat' dir='ltr'>Baptistae</span> <span class='ocrx_word' id='word_1_242' title='bbox 829 4479 953 4559; x_wconf 84' lang='lat' dir='ltr'>septem</span> <span class='ocrx_word' id='word_1_243' title='bbox 985 4472 1040 4537; x_wconf 91' lang='lat' dir='ltr'>sol.</span> <span class='ocrx_word' id='word_1_244' title='bbox 1074 4479 1108 4538; x_wconf 91' lang='lat' dir='ltr'>ct</span> <span class='ocrx_word' id='word_1_245' title='bbox 1131 4475 1174 4540; x_wconf 85' lang='lat' dir='ltr'>ri.</span> <span class='ocrx_word' id='word_1_246' title='bbox 1199 4474 1280 4553; x_wconf 85' lang='lat' dir='ltr'>don,</span> <span class='ocrx_word' id='word_1_247' title='bbox 1304 4497 1363 4561; x_wconf 91' lang='lat' dir='ltr'>pro</span> 
     </span>
     <span class='ocr_line' id='line_1_34' title="bbox 313 4575 1363 4662; baseline -0.001 -20"><span class='ocrx_word' id='word_1_248' title='bbox 313 4579 403 4642; x_wconf 90' lang='lat' dir='ltr'>omni</span> <span class='ocrx_word' id='word_1_249' title='bbox 438 4577 575 4643; x_wconf 87' lang='lat' dir='ltr'>servicio</span> <span class='ocrx_word' id='word_1_250' title='bbox 609 4582 644 4641; x_wconf 87' lang='lat' dir='ltr'>et</span> <span class='ocrx_word' id='word_1_251' title='bbox 673 4576 919 4644; x_wconf 84' lang='lat' dir='ltr'>consuetudine.</span> <span class='ocrx_word' id='word_1_252' title='bbox 980 4575 1035 4641; x_wconf 77' lang='lat' dir='ltr'>lca</span> <span class='ocrx_word' id='word_1_253' title='bbox 1068 4581 1179 4640; x_wconf 84' lang='lat' dir='ltr'>tamen</span> <span class='ocrx_word' id='word_1_254' title='bbox 1214 4577 1302 4662; x_wconf 91' lang='lat' dir='ltr'>quod</span> <span class='ocrx_word' id='word_1_255' title='bbox 1336 4579 1363 4641; x_wconf 88' lang='lat' dir='ltr'>si</span> 
     </span>
     <span class='ocr_line' id='line_1_35' title="bbox 314 4675 1364 4763; baseline -0.001 -20"><span class='ocrx_word' id='word_1_256' title='bbox 314 4678 466 4744; x_wconf 87' lang='lat' dir='ltr'>dominus</span> <span class='ocrx_word' id='word_1_257' title='bbox 490 4700 548 4743; x_wconf 87' lang='lat' dir='ltr'>rex</span> <span class='ocrx_word' id='word_1_258' title='bbox 571 4677 705 4763; x_wconf 90' lang='lat' dir='ltr'>aliquod</span> <span class='ocrx_word' id='word_1_259' title='bbox 728 4675 913 4762; x_wconf 86' lang='lat' dir='ltr'>taillagium</span> <span class='ocrx_word' id='word_1_260' title='bbox 937 4676 990 4742; x_wconf 87' lang='lat' dir='ltr'>vel</span> <span class='ocrx_word' id='word_1_261' title='bbox 1013 4675 1175 4742; x_wconf 84' lang='lat' dir='ltr'>auxilium</span> <span class='ocrx_word' id='word_1_262' title='bbox 1199 4677 1241 4742; x_wconf 88' lang='lat' dir='ltr'>ab</span> <span class='ocrx_word' id='word_1_263' title='bbox 1264 4677 1364 4743; x_wconf 86' lang='lat' dir='ltr'>abba-</span> 
     </span>
    </p>
   </div>
   <div class='ocr_carea' id='block_1_5' title="bbox 314 4776 1364 4864">
    <p class='ocr_par' dir='ltr' id='par_1_6' title="bbox 314 4776 1364 4864">
     <span class='ocr_line' id='line_1_36' title="bbox 314 4776 1364 4864; baseline -0.004 -18"><span class='ocrx_word' id='word_1_264' title='bbox 314 4781 364 4846; x_wconf 81' lang='lat' dir='ltr'>tie</span> <span class='ocrx_word' id='word_1_265' title='bbox 398 4785 511 4845; x_wconf 86' lang='lat' dir='ltr'>nostra</span> <span class='ocrx_word' id='word_1_266' title='bbox 545 4780 676 4864; x_wconf 84' lang='lat' dir='ltr'>exigere</span> <span class='ocrx_word' id='word_1_267' title='bbox 709 4778 898 4854; x_wconf 88' lang='lat' dir='ltr'>decreverit,</span> <span class='ocrx_word' id='word_1_268' title='bbox 923 4777 1030 4841; x_wconf 88' lang='lat' dir='ltr'>dictus</span> <span class='ocrx_word' id='word_1_269' title='bbox 1054 4776 1220 4844; x_wconf 85' lang='lat' dir='ltr'>Walterus</span> <span class='ocrx_word' id='word_1_270' title='bbox 1251 4799 1364 4844; x_wconf 89' lang='lat' dir='ltr'>sccun-</span> 
     </span>
    </p>
   </div>
   <div class='ocr_carea' id='block_1_6' title="bbox 0 0 1797 5820">
    <p class='ocr_par' dir='ltr' id='par_1_7' title="bbox 0 0 1797 5820">
     <span class='ocr_line' id='line_1_37' title="bbox 0 0 1797 5820; baseline 0 0"><span class='ocrx_word' id='word_1_271' title='bbox 0 0 1797 5820; x_wconf 95' lang='lat' dir='ltr'> </span> 
     </span>
    </p>
   </div>
  </div>
 </body>
</html>
