3514 5818
413 779 486 845 lxvi
854 805 1016 856 reseres.

449 983 519 1056 Cep.
537 985 621 1042 XVI.
642 987 731 1045 Carta
742 989 832 1046 Alani
849 989 955 1048 Basset
972 993 1009 1049 de
1027 991 1065 1048 xi.
1085 992 1168 1049 libris
1187 1010 1261 1051 cere
1279 995 1358 1050 lacta
1374 994 1464 1050 ecole-

574 1070 625 1127 siae
644 1070 776 1128 Malmes.
796 1080 828 1130 et
846 1073 876 1130 S.
895 1075 1036 1132 Aldelmi.

538 1151 639 1209 XVII.
660 1155 749 1211 Carta
765 1157 885 1212 Milonis
898 1159 933 1214 de
946 1159 1041 1216 Morle
1061 1160 1097 1216 de
1116 1167 1283 1216 tenemento
1301 1161 1465 1216 Holcnmbe

580 1239 658 1308 qnod
684 1239 823 1310 Bruggns
851 1247 942 1308 tenet,
960 1249 991 1299 et
1008 1243 1045 1300 de
1066 1250 1235 1300 tenemento
1254 1245 1463 1314 Commangar,

572 1330 604 1378 et
621 1325 658 1380 de
675 1331 843 1384 tenemento
861 1329 983 1385 Wallar'
1001 1330 1033 1386 in
1051 1331 1224 1386 Burnevale.

536 1402 656 1464 XVIII.
685 1409 774 1464 Carta
799 1411 922 1467 Milonis
954 1413 990 1468 de
1016 1414 1110 1469 Morle
1138 1414 1217 1469 faeta
1250 1414 1287 1468 ed
1319 1412 1463 1468 luminare

571 1491 673 1549 altaris
701 1495 799 1548 Beate
827 1495 930 1551 Mariae
956 1496 993 1551 de
1020 1503 1188 1552 tenemento
1218 1496 1407 1560 Holecumbe,
1427 1497 1463 1552 de

572 1580 739 1631 tenemento
758 1576 959 1648 Cornrnangar
976 1585 1007 1634 et
1024 1580 1061 1634 de
1079 1585 1246 1634 tenemento
1263 1579 1409 1636 Welkare.

535 1653 620 1710 XIX.
641 1658 730 1712 Carta
748 1658 868 1714 Milonis
893 1660 930 1716 de
947 1662 1064 1732 Morley
1082 1662 1119 1717 de
1144 1661 1263 1716 redditu
1287 1679 1375 1732 quem
1398 1679 1462 1732 per·

572 1739 661 1810 cipiet
679 1748 778 1798 custoe
795 1742 831 1797 de
850 1745 1063 1802 elemosinario.

535 1819 603 1878 XX.
999 1829 1069 1900 Cap.
1089 1827 1279 1894 comm„
1292 1827 1328 1883 R.
1342 1827 1375 1884 Ο.

534 1906 620 1964 XXI.
1088 1910 1228 1966 CCLXV.

534 1990 639 2047 XXII.
1088 1993 1246 2051 CCLXIX.

534 2073 653 2130 XXIII.
675 2075 763 2132 Carta
788 2076 932 2133 Johannis
957 2077 1013 2132 filii
1038 2084 1070 2133 et
1093 2075 1210 2131 heredis
1235 2075 1380 2146 quondam
1405 2077 1461 2132 Ro-

569 2157 645 2212 berti
664 2159 700 2213 de
718 2158 886 2230 Pynkeney.

533 2240 648 2297 XXIV.
802 2283 805 2288 -
1087 2241 1227 2298 CCLXX.

534 2324 630 2381 XXV.
1086 2324 1291 2380 CCCCXLVI.

533 2408 646 2465 XXVI.
1085 2406 1295 2463 CCCCXXIX.

533 2492 663 2548 XXVII.
922 2533 925 2541 .
1084 2489 1277 2546 CCCCXXX.

532 2574 681 2629 XXVIII.
1085 2573 1117 2629 C.

531 2656 646 2711 XXIX.
674 2657 718 2711 De
748 2657 919 2712 remissione
956 2655 1172 2726 arreragiorum
1208 2655 1244 2712 de
1275 2663 1355 2712 terra
1384 2656 1461 2727 apud

567 2741 708 2796 Walcote.
745 2740 942 2797 2Edw.111.
1206 2753 1208 2757 ·

531 2823 627 2878 XXX.
655 2823 743 2879 Carta
782 2823 901 2880 Ricardi
938 2823 975 2878 de
1005 2821 1169 2877 'Ibornhull
1198 2821 1277 2877 facta
1306 2821 1461 2894 Rednlpho

567 2906 701 2962 Mellario
719 2908 755 2962 de
774 2923 843 2961 area
859 2905 948 2962 unius
968 2904 1056 2961 asldae
1072 2904 1159 2976 juxta
1176 2905 1286 2959 stallos.

529 2989 643 3046 XXXI.
664 2991 751 3046 Carta
769 2989 888 3046 Ricardi
913 2990 949 3045 de
968 2987 1148 3044 Thornhulle
1175 2989 1252 3042 facta
1277 2989 1338 3044 Deo
1363 2994 1394 3044 et
1418 2989 1459 3044 al·

565 3074 622 3130 tari
641 3075 740 3129 Beatee
758 3074 861 3129 Mariae
881 3072 1005 3128 abbatim
1023 3072 1125 3126 Malm.
1138 3072 1174 3127 de
1193 3071 1312 3127 redditu
1324 3071 1377 3126 iiii.
1392 3073 1458 3128 den.

529 3156 660 3213 XXXII.
681 3157 769 3213 Certe
786 3155 910 3224 Walteri
933 3157 969 3210 de
987 3156 1127 3226 lleeeleya
1144 3155 1222 3210 facta
1249 3155 1336 3210 altari
1359 3158 1459 3212 Beate

565 3239 668 3296 Mariae
695 3240 819 3295 abbatie
837 3240 874 3294 de
892 3238 1012 3294 redditu
1030 3243 1096 3294 octo
1115 3238 1181 3294 den.
1207 3238 1244 3294 de
1271 3238 1406 3294 domibus
1426 3239 1458 3295 in

565 3321 687 3376 australi
705 3329 787 3392 parte
807 3322 969 3377 stallorum.

528 3403 676 3459 XXXIII.
697 3403 785 3460 Carta
802 3405 918 3461 Edithee
946 3403 1048 3460 Febris
1076 3405 1155 3460 laeta
1172 3401 1301 3460 Johenni
1319 3404 1457 3464 filiosuo

564 3487 600 3542 de
618 3493 785 3543 tenemento
803 3489 918 3558 Dogyn.

527 3569 693 3625 XXXIIII.
714 3570 801 3626 Carta
817 3571 922 3626 Aliciae
936 3569 1024 3626 Fabri
1036 3570 1115 3626 l'acte
1126 3568 1255 3625 Johanni
1267 3570 1328 3627 filio
1340 3570 1456 3628 Edithae

563 3653 651 3708 Fabri
670 3654 705 3708 de
724 3659 892 3709 tenemento
911 3655 1027 3724 Dogyn.

527 3736 652 3794 XXXV.
680 3737 769 3793 Certa
804 3737 947 3793 Iohannis
984 3735 1072 3792 Fabri
1108 3737 1187 3793 sacta
1221 3739 1257 3794 de
1288 3745 1456 3796 tenemento

563 3821 677 3891 Dogyn.

526 3902 667 3960 XXXVI.
688 3903 777 3960 Carta
788 3902 905 3958 Editbae
918 3901 1006 3958 Fabri
1019 3901 1055 3958 de
1068 3908 1236 3959 tenemento
1248 3905 1366 3975 Dogyn,
1378 3906 1456 3961 faeta

561 3987 648 4041 alteri
660 3988 759 4042 Beatae
771 3987 883 4042 Maria

524 4068 684 4127 XXXVII.
704 4070 792 4125 Carta
807 4069 950 4125 Willelmi
967 4067 1081 4125 abbatis
1100 4070 1178 4126 lbota
1195 4071 1311 4142 Rogero
1324 4069 1456 4128 Gauntcr

561 4153 597 4207 de
615 4159 782 4208 tenemento
800 4154 916 4224 Dogyn.

524 4235 701 4294 XXXVIII.
721 4237 809 4294 Carta
832 4234 977 4292 lobannis
1001 4236 1038 4291 de
1058 4235 1204 4292 Chnriehe
1232 4237 1311 4292 flecte
1328 4236 1455 4296 Ricardo

559 4320 688 4392 Ildwyne
700 4327 731 4376 et
748 4320 827 4392 quod
843 4319 948 4375 reddat
967 4320 1086 4390 capellae
1104 4319 1139 4374 B.
1152 4319 1255 4375 Mariae
1273 4339 1326 4391 per
1345 4339 1454 4379 annum

453 4471 457 4480 ι
559 4403 590 4458 ii.
610 4405 717 4460 solidos
736 4410 766 4459 et
784 4403 823 4459 vi.
842 4403 910 4458 den.

523 4485 665 4543 XXXIX.
684 4488 773 4543 Mem.
793 4488 871 4557 qnod
896 4485 1043 4542 sexdecim
1070 4485 1184 4542 denarii
1204 4486 1301 4556 'annui
1319 4488 1452 4546 redditus

562 4570 761 4626 conceduntur
773 4568 888 4625 custodi
900 4567 1001 4624 altaris
1019 4567 1118 4624 Beatee
1132 4567 1234 4624 Mariae
1253 4586 1306 4639 per
1318 4570 1452 4627 abbatem

563 4651 744 4709 Willelmum
763 4654 800 4708 ed
812 4653 978 4709 faciendum
990 4669 1088 4709 cereos
1106 4653 1143 4708 de
1161 4651 1248 4709 domo
1265 4671 1300 4709 ex
1318 4655 1452 4725 opposito

561 4741 727 4792 tenemento
744 4735 842 4793 Triok.
