3524 5808
705 918 884 970 uersuum
908 921 943 968 11¹
1288 901 1354 972 417

303 1095 503 1163 Nativitesis
534 1096 630 1163 Beati
665 1095 829 1164 Johannis
863 1095 1025 1182 Baptistae
1059 1095 1209 1182 proximo
1242 1094 1355 1158 futuro

302 1201 393 1284 apud
426 1200 562 1266 Novum
596 1199 750 1266 Castrum
783 1221 882 1286 super
912 1199 1052 1286 Tyriam,
1086 1219 1160 1265 cum
1194 1197 1287 1283 equis
1322 1200 1357 1260 εὴ

303 1301 404 1366 armis
426 1307 461 1367 et
483 1307 554 1368 toto
577 1302 717 1368 servicio
748 1302 843 1367 nobis
866 1301 988 1382 debito,
1011 1301 1055 1365 ad
1086 1298 1356 1388 proficiscendum

303 1402 424 1470 exinde
457 1409 572 1470 contro
597 1403 749 1470 inimicos
783 1403 958 1490 praedictos
981 1407 1017 1469 et
1050 1401 1186 1468 rebelles
1219 1404 1356 1476 nostros,

305 1505 348 1568 ad
370 1505 516 1590 ipsorum
550 1505 762 1572 rebellionem
784 1509 818 1570 et
849 1504 1035 1590 nequiciam
1067 1503 1209 1569 viriliter
1231 1509 1266 1568 et
1298 1523 1356 1588 po-

304 1609 424 1685 tenter,
446 1628 521 1673 cum
551 1605 616 1672 Dei
647 1607 821 1694 adjutorio
844 1605 1087 1692 reprimendam
1099 1629 1108 1685 ;
1137 1605 1232 1671 vobis
1263 1623 1356 1668 man-

306 1706 432 1786 damus,
446 1707 484 1772 in
506 1708 571 1773 fide
593 1714 629 1775 et
644 1707 828 1792 dilectione
855 1706 978 1794 quibus
1000 1706 1096 1771 nobis
1118 1704 1280 1772 tenemini
1302 1703 1358 1768 fir·

305 1809 406 1874 miter
427 1809 648 1897 injungentes,
670 1810 759 1896 quod
791 1809 835 1874 ed
855 1808 1032 1895 praedictos
1063 1807 1152 1873 diem
1185 1811 1220 1873 et
1250 1805 1359 1872 locum

306 1908 458 1977 habeatis
482 1913 527 1978 ad
548 1933 608 1979 nos
630 1917 741 1977 totum
772 1909 951 1979 servicium
984 1910 1073 1996 quod
1094 1909 1191 1976 nobis
1222 1907 1360 1986 debetis,

306 2016 497 2098 promptum
520 2017 555 2078 et
587 2019 743 2099 paratum
778 2013 821 2078 ad
854 2011 1126 2098 proficiscendum
1150 2009 1270 2076 exinde
1301 2030 1361 2075 no·

308 2113 445 2192 bissum,
477 2119 511 2180 et
542 2136 617 2181 cum
649 2114 802 2181 fidelibus
834 2115 965 2192 nostris,
996 2118 1111 2181 contra
1144 2113 1296 2180 inimicos
1327 2117 1363 2176 et

308 2214 445 2281 rebelles
479 2220 617 2293 nostros,
642 2217 686 2280 ad
719 2216 867 2302 ipsorum
904 2215 1094 2282 induratam
1128 2213 1293 2281 maliciam
1328 2215 1363 2277 et

309 2317 510 2402 proterviam
542 2321 695 2403 potenter
725 2323 760 2383 et
792 2316 943 2394 viriliter,
968 2315 1083 2382 divino
1114 2315 1248 2382 favente
1279 2335 1364 2400 prae-

310 2418 404 2496 sidio,
437 2419 688 2504 reprimendam.
747 2419 792 2484 Et
829 2420 892 2485 hoc
923 2417 1010 2483 sicut
1042 2438 1102 2483 nos
1133 2422 1169 2483 et
1206 2417 1363 2482 honorem

311 2525 462 2586 nostrum
484 2525 520 2587 et
553 2525 702 2587 vestrum
725 2540 764 2587 ac
794 2521 888 2607 regni
910 2519 1017 2584 nostri
1048 2518 1254 2585 commodum
1288 2517 1364 2582 dili-

311 2621 400 2708 gitis,
422 2621 515 2689 nullo
544 2623 641 2688 modo
662 2621 835 2688 omittatis.
880 2620 977 2686 Teste
1000 2641 1052 2686 me
1079 2620 1151 2706 ipso
1173 2620 1261 2705 apud
1277 2619 1366 2701 Lyn-

312 2723 407 2804 coln’,
429 2745 487 2788 xx.
511 2723 565 2788 die
587 2721 768 2802 Februarii,
791 2743 879 2790 anno
901 2723 996 2809 regni
1018 2722 1124 2788 nostri
1147 2742 1244 2788 nono.

359 2837 404 2902 Et
425 2837 579 2906 iecerunt
600 2837 777 2905 servicium
799 2858 888 2903 anno
910 2836 985 2915 isto,
1008 2835 1183 2916 videlicet3
1205 2833 1368 2901 Ricardus

314 2938 356 3004 de
378 2938 591 3024 Daunteseye
623 2961 683 3026 pro
717 2939 939 3024 Daunteseye,
970 2937 1141 3004 Johannes
1172 2938 1213 3002 de
1246 2935 1368 3002 Sancto
1395 2937 1410 2962 ⁸

314 3040 467 3205 Amapdo
489 3061 549 3127 pro
572 3040 752 3126 Purytone,
766 3040 937 3107 Johannes
952 3039 993 3106 de
1008 3038 1132 3106 Combe
1147 3059 1207 3124 pro
1222 3037 1369 3103 Brenke-

315 3147 401 3208 wort
424 3165 450 3207 e.

362 3339 546 3406 Edwardus
569 3340 633 3406 Dei
655 3340 765 3428 gratia
786 3361 845 3406 rex
860 3339 999 3426 Angliae,
1024 3339 1178 3404 dominus
1200 3337 1402 3404 Hiberniaer.
1416 3353 1446 3398 ro
1459 3347 1483 3398 a.

318 3446 353 3507 et
379 3441 450 3507 dux
480 3442 682 3528 Aquitaniae,
705 3442 835 3509 dilectis
867 3442 931 3506 sibi
963 3441 1000 3506 in
1024 3439 1158 3506 Christo
1192 3441 1307 3506 abbati
1338 3446 1373 3506 et
1385 3437 1469 3490 orent
1478 3437 1514 3501 br

317 3544 498 3610 conventui
520 3545 562 3609 de
585 3543 823 3610 Malmesburia
852 3543 1003 3609 salutem.
1050 3540 1136 3607 Cum
1168 3563 1228 3628 per
1257 3541 1372 3608 literas
1385 3505 1496 3621 {w
1507 3502 1546 3553 11.

320 3651 448 3712 nostras
480 3651 641 3732 patentes,
675 3646 765 3712 inter
799 3650 935 3712 coeteras
967 3650 1071 3710 terras
1105 3647 1140 3709 et
1173 3648 1363 3709 tenemento
1384 3633 1517 3688 '⁵1¹0W0f

1365 3695 1522 3754 ’PiereGa-
1603 3731 1608 3742 ·

320 3746 506 3812 dederimus
543 3753 578 3813 et
609 3747 864 3815 concesserimus
901 3766 962 3833 pro
999 3743 1095 3811 nobis
1129 3749 1164 3810 et
1195 3743 1372 3810 heredibus
1385 3767 1518 3820 vesanos

320 3847 443 3913 nostris
465 3847 669 3936 Margaretae,
692 3870 766 3934 quse
789 3847 855 3912 fuit
888 3868 974 3912 uxor
995 3846 1086 3913 Petri
1120 3846 1161 3912 de
1184 3833 1540 3967 oevasunepyrffipffl

321 3950 448 4016 dudum
471 3951 601 4017 comitis
624 3950 801 4018 Cornubiae
824 3949 984 4028 defuncti,
1007 3949 1101 4036 nepti
1130 3953 1252 4014 nostrae
1274 3950 1372 4016 oeris-
1386 3969 1506 4031 mesbury

322 4053 424 4130 simae,
455 4053 579 4138 viginti
612 4053 751 4120 libratas
788 4053 892 4119 annui
930 4051 1089 4129 redditus,
1121 4071 1203 4137 quas
1235 4050 1374 4116 redditis
1386 4035 1494 4152 3¹3¹)ssss

324 4152 420 4218 nobis
442 4153 486 4218 ad
500 4155 697 4221 scaccarium
720 4158 872 4220 nostrum
895 4175 955 4240 pro
970 4151 1054 4218 villa
1074 4153 1116 4218 de
1140 4151 1376 4218 Malmesburia
1390 4172 1463 4220 raro.

325 4254 362 4318 in
384 4255 545 4320 comitatu
569 4255 705 4333 Wiltes',
728 4260 828 4342 prout
857 4255 894 4319 in
916 4255 1023 4320 literis
1056 4255 1179 4320 nostris
1209 4254 1377 4340 praedietis

325 4355 457 4449 plenius
497 4357 708 4438 continetur3
737 4357 834 4423 vobis
871 4356 1068 4424 mandamus
1105 4354 1195 4441 quod
1230 4354 1378 4440 praefatae

327 4455 443 4542 nepti1
466 4462 599 4536 nostrae,
621 4458 676 4525 rel
706 4458 778 4546 ejus
801 4463 972 4525 attomato
994 4457 1030 4521 in
1061 4455 1124 4524 hac
1146 4460 1251 4542 parte,
1273 4455 1378 4520 dictae

327 4559 450 4645 viginti
481 4559 584 4626 libras
618 4561 757 4648 singulis
788 4562 885 4628 annis
922 4561 967 4626 ad
996 4564 1103 4626 totam
1135 4558 1242 4622 vitam
1275 4547 1379 4642 ipsius

327 4661 439 4747 neptis
472 4668 604 4740 nostrae,
634 4663 677 4730 ad
709 4662 839 4730 eosdem
873 4661 1032 4727 terminos
1067 4659 1109 4724 ad
1141 4679 1224 4744 quos
1256 4657 1380 4725 dictam

1231 4785 1379 4794 ...Μ-.-

703 4833 711 4868 ¹
723 4833 803 4904 nepo]
817 4841 902 4900 nepte,
911 4833 939 4884 in
950 4833 1008 4886 MS.

419 4947 444 4998 N
456 4953 496 5000 80.
1184 4941 1209 4990 D
1224 4941 1248 4990 D
