3566 5820
528 874 726 926 asorsruuu
750 873 1071 924 unnarassuamusa
1261 858 1324 921 193

277 1061 448 1130 duodecim
479 1061 630 1127 denudes
663 1061 707 1126 ad
738 1066 880 1146 quatuor
910 1059 991 1126 anni
1017 1059 1175 1126 terminos
1198 1057 1326 1124 debitos

277 1172 312 1232 et
334 1165 481 1242 usitatos,
503 1185 563 1252 pro
594 1163 746 1230 omnibus
778 1162 925 1229 serviciis
955 1167 989 1228 et
1010 1161 1209 1229 secularibus
1232 1181 1326 1227 exac-

275 1268 431 1346 tionibus,
454 1267 554 1334 salvis
587 1267 709 1332 debitis
740 1271 774 1332 et
804 1266 937 1332 usitatis
962 1266 1061 1352 burgi
1083 1263 1327 1332 consuetudini-

144 1390 151 1397 ·
276 1373 345 1437 bus.
400 1371 445 1437 Et
482 1391 541 1456 ego
579 1369 747 1447 Katerina,
786 1373 821 1435 et
857 1368 991 1434 heredes
1024 1369 1098 1446 mei,
1132 1367 1326 1455 praedictum
1339 1385 1357 1437 f.
1370 1389 1427 1436 2³4.

276 1475 480 1560 mesuagium
512 1493 587 1540 cum
625 1472 776 1538 omnibus
813 1472 1022 1558 pertinentiis
1059 1471 1128 1536 suis
1160 1469 1327 1558 praedietis

278 1578 422 1644 Raberto
455 1581 490 1642 et
512 1575 692 1663 Margeriae,
715 1580 750 1644 et
780 1574 955 1642 heredibus
977 1575 1045 1640 suis
1067 1575 1121 1640 vel
1143 1574 1327 1660 assignatis,

254 1685 391 1762 'eonem
422 1699 534 1744 omnes
565 1677 719 1744 mortales
756 1677 998 1766 imperpetuum
1029 1675 1327 1744 warantizabimus.

279 1782 341 1848 Pr0
374 1781 438 1848 hac
470 1785 581 1847 autem
613 1779 800 1858 donatione,
822 1779 1035 1858 concessione,
1058 1783 1094 1844 et
1115 1785 1214 1845 cartes
1245 1799 1327 1846 mese

279 1883 532 1961 confirmatione,
566 1883 729 1950 dederunt
758 1882 859 1950 miehi
892 1883 973 1949 dicti
996 1881 1159 1948 Robertus
1184 1887 1218 1947 et
1241 1882 1327 1946 Mar·

279 1987 370 2075 geria
391 2008 510 2052 novem
533 2007 658 2053 marcas
680 1987 809 2072 argenti
831 1987 1008 2072 adurgens
1033 1986 1202 2072 negotium
1217 2001 1326 2050 meum

280 2089 520 2177 expediendum
543 2089 644 2156 michi
666 2091 796 2156 solutes
843 2089 893 2155 Ut
915 2090 1018 2176 igitur
1040 2089 1111 2156 haec
1132 2109 1206 2155 mea
1227 2089 1327 2153 dona-

280 2194 337 2272 tio,
359 2194 530 2271 concessio,
552 2198 586 2258 et
608 2197 707 2260 cartae
725 2213 807 2259 mem
821 2191 1024 2261 confirmatio
1046 2193 1083 2257 in
1105 2213 1139 2258 se
1162 2191 1327 2278 perpetui-

280 2297 360 2364 tatis
383 2296 483 2362 robur
504 2297 684 2384 optineant.

637 2539 715 2610 One.
740 2529 973 2611 cooxxssn.

298 2703 402 2773 Uerta
423 2703 596 2772 Jouaaa
621 2703 741 2790 Trapez
763 2710 792 2770 et
814 2703 995 2792 Marpc‘rtce
1017 2703 1118 2791 Pucy,
1143 2703 1182 2771 dc
1205 2703 1316 2771 eodem

713 2829 895 2896 cweuagca

327 2956 444 3024 Sciant
465 2961 642 3044 praesentes
666 2962 700 3022 et
722 2955 828 3022 futuri
852 2957 940 3046 quod
971 2979 1031 3025 nos
1061 2957 1231 3026 Johaunes
1254 2957 1331 3024 Tre-
1345 2976 1469 3029 cantos

282 3081 350 3147 goz,
383 3062 544 3136 accuset
573 3057 736 3145 Margania
767 3081 851 3126 uxor
873 3081 953 3138 mea,
977 3059 1127 3126 unanimi
1159 3059 1331 3125 voluntate
1344 3045 1468 3096 theame

283 3169 318 3229 et
338 3184 481 3241 assensu,
502 3163 661 3246 dedimus,
677 3163 901 3240 concessimus,
924 3169 959 3228 et
980 3163 1042 3230 hac
1063 3164 1219 3252 praesenti
1242 3169 1331 3231 carta
1344 3127 1477 3229 deiiiage

282 3273 394 3334 nostra
427 3265 692 3368 confirmavimus
723 3263 803 3345 Deo,
827 3270 861 3332 et
893 3265 1034 3334 ecelesiae
1057 3267 1153 3333 Beati
1186 3266 1331 3334 Aidelmi
1344 3247 1434 3314 ‘bui'

284 3369 324 3434 de
358 3367 599 3446 Melmesburia,
623 3372 658 3434 et
692 3368 825 3435 domino
848 3367 1014 3436 Willelmo
1048 3369 1170 3449 abbati,
1194 3375 1227 3436 et
1260 3391 1329 3435 mo-

282 3471 396 3538 nachis
419 3470 540 3537 ibidem
562 3469 634 3537 Deo
665 3469 891 3551 servientibus,
914 3469 998 3540 illud
1019 3472 1223 3560 mesuagium
1254 3495 1330 3540 cum

284 3575 436 3642 omnibus
457 3575 667 3664 pertinentiis
699 3575 767 3642 suis
799 3575 888 3662 quod
910 3581 960 3642 est
991 3577 1091 3644 situm
1116 3599 1158 3644 ex
1181 3579 1330 3668 opposito

283 3676 396 3764 gabuli
424 3676 562 3769 Gyaldae
584 3675 836 3755 Malmesburiae,
856 3677 956 3763 juxta
985 3683 1211 3746 tenementum
1245 3681 1332 3767 quod

284 3780 349 3845 fuit
372 3778 538 3866 quondam
562 3779 713 3866 Orengiae
744 3779 784 3845 de
816 3779 1066 3864 Maimesburia3
1089 3783 1177 3869 quod
1200 3783 1333 3870 quidem

284 3882 489 3968 mesuagium
512 3881 675 3946 Katerine
696 3881 765 3946 filia
788 3881 954 3968 quondam
977 3883 1114 3950 Henrici
1132 3885 1172 3950 de
1196 3885 1333 3952 Niwen-

286 3991 371 4062 tono,
402 3983 518 4050 relicta
556 3983 638 4049 Eliee
669 3979 806 4049 Pistoris
845 3985 885 4048 de
916 3985 1156 4067 Maimesburia,
1194 3989 1231 4054 in
1253 3989 1334 4076 ligia

285 4088 450 4153 viduitate
488 4107 548 4151 sua
585 4085 739 4152 vendidit
780 4085 925 4154 Robcrto
967 4087 1051 4167 Paci,
1091 4097 1125 4156 et
1165 4093 1333 4180 praedictae

286 4191 456 4276 Margariae
483 4187 580 4254 uxori
611 4209 697 4256 suae:
728 4188 917 4254 habendum
940 4195 974 4256 et
1004 4193 1184 4260 tenendum
1208 4196 1333 4262 dictum

284 4293 488 4380 mesuagium
523 4314 596 4359 cum
631 4293 782 4358 omnibus
815 4294 1024 4380 pertinentiis
1058 4295 1133 4376 suis,
1166 4299 1348 4387 praedietis

284 4397 398 4462 abbati
436 4401 471 4461 et
508 4397 694 4475 conventui,
728 4400 763 4463 et
801 4417 913 4461 eorum
945 4399 1190 4480 suecessoribus,
1223 4401 1333 4482 libere,

285 4499 404 4586 quiete,
427 4499 510 4564 bene
533 4498 626 4564 etin
649 4519 736 4587 pace,
767 4499 1032 4588 imperpetuum:
1054 4503 1221 4570 reddendo
1255 4505 1332 4572 inde

285 4602 458 4667 annuatim
480 4599 645 4688 praedietae
680 4601 849 4669 Katerinae
872 4609 907 4668 et
939 4603 1113 4670 heredibus
1145 4605 1200 4672 vel
1230 4609 1332 4696 assig-

285 4705 373 4771 natis
395 4705 463 4770 suis
486 4727 589 4769 unum
613 4703 744 4769 obolum
767 4707 810 4771 ad
833 4707 976 4786 Pascha3
998 4713 1033 4774 et
1055 4709 1189 4775 domino
1219 4711 1333 4777 abbati

374 4807 399 4858 N
411 4811 451 4856 80.
1175 4829 1200 4878 ῃ
