3514 5818
645 1000 753 1050 Tnnnn
776 1001 820 1050 OF
843 1001 1026 1056 CONI'ENTS.

308 1243 534 1306 CLXXXVIII.
556 1249 644 1306 Carta
661 1225 777 1308 Iiadnlfi
797 1249 832 1308 de
850 1250 1065 1321 HanekJmione
1084 1253 1161 1309 iacta
1179 1253 1268 1310 eccle-
1299 1188 1359 1242 Pane

340 1347 342 1352 ’
379 1333 430 1388 sias
449 1333 707 1399 SanchiAIdelmi‚
727 1334 763 1389 de
782 1333 911 1389 ternodo
931 1335 1065 1406 Clohlegh
1139 1361 1149 1374 ·
1259 1362 1268 1374 ·
1323 1341 1359 1394 44

309 1414 499 1472 CLXXXIX.
522 1417 610 1472 Carta
627 1417 743 1473 Radnlfi
763 1417 799 1473 de
818 1417 1022 1474 Soiherintone
1139 1453 1148 1466 ·
1258 1445 1267 1456 ·
1323 1425 1359 1478 45

308 1496 394 1553 CXC.
416 1500 503 1554 Carta
520 1499 648 1571 ejusdem
668 1499 783 1556 Radnlfi
903 1525 913 1536 ·
1022 1535 1031 1546 -
1140 1526 1150 1540 ·
1259 1529 1269 1540 ·
1323 1507 1358 1560 46

309 1581 412 1637 CXCI.
434 1583 521 1638 Carta
539 1583 681 1639 Iohannis
701 1584 793 1640 Scotti
812 1584 848 1638 de
868 1603 925 1639 nnn
942 1585 1016 1640 libra
1033 1586 1141 1658 piperis
1258 1622 1268 1633 ·
1322 1589 1359 1644 47

309 1665 429 1722 CXCII.
452 1666 537 1722 Carta
564 1667 693 1738 ejusdem
713 1666 855 1723 Iohannis
882 1668 918 1724 de
946 1673 1024 1724 term
1049 1669 1117 1724 daia
1145 1671 1270 1728 Rndnlfo

379 1751 487 1804 vica-rio
505 1750 541 1805 de
554 1751 769 1821 Hanekynione
901 1775 911 1785 ·
1021 1777 1029 1790 ·
1259 1757 1358 1812 -48

309 1831 448 1888 CXCIII
472 1833 559 1888 Caria
577 1832 695 1889 Andron
712 1833 750 1889 de
768 1835 802 1890 Sc
790 1839 873 1888 inunt
875 1851 929 1890 one
1021 1869 1029 1880 -
1139 1871 1148 1883 -
1258 1872 1268 1884 -
1322 1841 1357 1896 49

309 1915 441 1972 CXCIV
463 1915 613 1989 obligatio
630 1916 761 1987 Philippi
779 1916 886 1972 Marcel
1018 1951 1028 1964 ·
1138 1953 1147 1966 -
1322 1925 1358 1978 49

309 1999 423 2056 CXCV.
445 2001 532 2056 Carta
559 1999 701 2059 Iohannis
719 2000 831 2055 abbatis
849 2001 926 2056 sacia
944 2002 1079 2075 Philippo
1098 2004 1203 2062 Martel
1232 2006 1268 2062 de
1334 1995 1335 2000 ἵ

379 2085 601 2155 praesentatione
614 2083 794 2139 fnoiendaad
813 2084 940 2142 decimas
958 2085 993 2140 de
1013 2085 1184 2158 Lamiangol
1257 2113 1266 2126 ·
1325 2093 1336 2122 '

309 2167 441 2226 CXCVI.
464 2168 551 2223 Canta
568 2167 698 2238 ejusdem
717 2166 829 2222 abbatis
848 2168 926 2224 iacta
894 2170 1068 2240 taPagano
1086 2169 1122 2225 da
1141 2171 1267 2228 Brenke·

379 2251 470 2306 wrthe
542 2285 551 2295 -
661 2275 671 2286 ·
1257 2259 1355 2316 -51

309 2335 457 2392 CXCVII.
494 2335 582 2390 Caria
612 2333 726 2390 abbane
756 2333 785 2388 I
811 2351 898 2406 snper
930 2341 1009 2392 terra
1039 2355 1189 2394 concessas
1220 2339 1269 2394 Io-

292 2417 298 2429 '
378 2419 468 2472 hanni
486 2417 522 2474 de
540 2418 676 2474 WIntone
784 2451 793 2462 -
902 2453 911 2466 ·
1324 2428 1357 2481 51

309 2501 475 2559 CXCVIII.
498 2503 586 2557 Carta
602 2500 731 2573 ejusden
759 2502 835 2556 sacha
853 2501 970 2559 domino
989 2443 1085 2560 AIano
1105 2507 1208 2562 Bassei
1234 2507 1270 2562 de

379 2605 464 2658 pnrco
482 2586 518 2642 de
536 2586 673 2641 Woiione
1324 2594 1359 2649 52

309 2671 440 2728 CXCIX.
467 2671 555 2726 Carta
572 2670 660 2725 Alani
678 2672 782 2727 Bassai.
799 2671 881 2726 de
854 2671 937 2726 xnli.
957 2688 1032 2726 cerea
1140 2697 1150 2711 ·
1259 2709 1267 2720 .
1325 2679 1360 2733 53

309 2755 366 2810 CC.
385 2754 548 2809 Recordnm
567 2753 667 2825 placiti
690 2754 726 2809 de
747 2755 984 2812 Cristemaleford
1022 2789 1031 2800 ·
1140 2781 1150 2794 ·
1259 2793 1268 2806 -
1324 2763 1359 2818 ,53

309 2841 383 2896 CCI.
409 2837 570 2896 Concordia
597 2838 672 2894 inter
699 2839 833 2896 abbatem
860 2838 1022 2894 Iohannem
1049 2846 1079 2896 et
1105 2841 1268 2898 Golsridum

380 2922 415 2979 de
433 2924 557 2978 Berners
575 2922 610 2977 de
628 2940 686 2978 una
704 2922 827 2978 dimidia
844 2923 915 2978 hida
933 2929 1019 2979 terras
1140 2949 1149 2960 ·
1259 2951 1268 2962 ·
1324 2931 1359 2987 54

309 3009 401 3066 CCII.
425 3007 578 3062 Concessio
607 3007 685 3062 iacta
714 3007 832 3062 domino
863 3008 981 3062 Thomm
1008 3008 1043 3064 de
1071 3010 1208 3066 Puritone
1235 3011 1270 3066 de

379 3092 503 3147 oratorio
521 3109 573 3147 sno
1324 3100 1358 3154 55

432 3175 579 3247 Obligatio
597 3175 728 3247 ejusdem
745 3193 811 3246 qnae
824 3176 906 3246 prins
1022 3209 1032 3220 -
1140 3202 1152 3214 ·
1259 3201 1269 3218 ·
1325 3184 1359 3237 56

309 3261 417 3320 CCIII.
437 3259 526 3316 Carta
543 3259 621 3314 facta
637 3259 780 3314 Nicholno
802 3259 862 3313 filio
880 3258 1010 3324 Ailwini,
1030 3259 1066 3314 de
1084 3260 1171 3316 domo
1190 3268 1270 3318 enim

377 3347 492 3400 bamam
511 3343 546 3397 de
563 3343 730 3413 Wesheport
783 3365 1267 3394 ·····
1322 3351 1357 3405 56

309 3428 435 3485 CCIIII
456 3427 502 3482 De
518 3425 638 3482 decimis
657 3425 692 3480 de
705 3425 790 3481 Nova
806 3425 886 3491 villa,
902 3425 938 3480 de
955 3426 1039 3481 feodo
1051 3427 1140 3483 comit
1142 3428 1166 3484 is
1179 3429 1269 3486 Hero·

378 3509 505 3567 fordioe'
497 3527 529 3563 ιιι
548 3507 700 3564 Caldecote
785 3541 794 3553 -
903 3531 913 3543 ·
1140 3544 1151 3557 ·
1325 3517 1360 3572 57

307 3595 394 3652 CCV.
413 3594 457 3650 De
475 3610 534 3648 nna
557 3609 623 3648 acra
641 3593 779 3647 frumenti
806 3591 957 3648 annuatim
983 3609 1118 3650 concessa
1143 3595 1270 3652 ecclesias

379 3679 415 3734 de
432 3676 560 3732 Yntione
1324 3683 1359 3740 58

307 3761 411 3820 CCVI.
433 3760 526 3816 Causa
543 3778 596 3831 pro
614 3759 735 3815 decimis
754 3759 790 3814 de
809 3760 936 3814 Yaitona
1020 3793 1030 3806 ·
1139 3795 1149 3810 ·
1258 3787 1268 3800 ·
1324 3767 1359 3822 59

307 3844 429 3902 CCVII.
453 3843 631 3914 Compositio
650 3841 726 3897 inter
744 3841 879 3897 abbatem
898 3848 928 3898 et
940 3847 1116 3899 conventum
1134 3845 1270 3902 Malmes-

378 3928 471 3984 hnrioe
497 3931 526 3980 et
553 3926 717 3982 Iohannem
747 3930 889 3980 rectorem
920 3927 1050 3982 ecclesias
1080 3927 1116 3982 de
1147 3927 1270 3986 Credde·

378 4011 461 4068 welle
1259 4047 1268 4060 .
1325 4017 1360 4072 60

307 4095 447 4152 CCVIII.
467 4091 609 4148 Diffinioio
628 4107 721 4147 canam
740 4090 888 4163 praedictae
1021 4124 1031 4138 ·
1140 4126 1149 4138 -
1259 4128 1269 4142 ·
1325 4099 1360 4153 64

307 4178 411 4235 CCIX.
435 4174 603 4233 Confirmat'
595 4192 623 4228 ιο
641 4191 728 4244 super
745 4174 867 4229 decimis
886 4174 922 4229 de
940 4175 1024 4230 Nova
1042 4175 1149 4232 Villa·
1259 4213 1268 4225 ·
1325 4181 1360 4237 65

307 4261 394 4318 CCX.
414 4259 457 4314 De
475 4257 597 4313 decimis
615 4257 650 4312 de
668 4257 752 4312 Nova
768 4257 850 4314 Villa
904 4280 913 4292 ·
1022 4280 1032 4294 ·
1141 4289 1152 4306 ·
1259 4265 1361 4320 -66

307 4345 412 4402 CCXI.
435 4343 524 4398 Caria
540 4339 683 4395 Iohannis
708 4340 820 4396 abbatis
847 4340 883 4395 de
909 4341 1002 4396 tribus
1033 4341 1155 4414 virgatis
1183 4349 1269 4402 terrm

379 4428 410 4482 in
429 4425 545 4480 Eshcote
662 4446 671 4457 ·
1326 4433 1361 4487 67

307 4510 430 4567 CCXII.
452 4509 495 4564 De
521 4506 681 4562 redditibus
708 4506 839 4578 assignat
840 4508 865 4562 is
827 4507 1028 4562 tlnminnri
1054 4509 1247 4567 candelabri
1239 4533 1270 4570 m

378 4592 481 4664 majori
500 4589 621 4646 ccclesia
641 4588 741 4644 Sancti
761 4589 908 4645 Aldhelmi
1013 4623 1024 4636 ·
1325 4601 1360 4655 68

306 4676 447 4734 CCXIII.
469 4675 514 4729 Da
533 4675 807 4734 terraconcessaB.
828 4674 889 4729 filio
907 4675 1056 4732 Lamberii
1076 4627 1155 4748 apud
1167 4679 1270 4736 Escohe
1325 4685 1360 4740 69

306 4758 464 4820 CCXIIII.
485 4757 663 4813 Camasanta
681 4755 808 4812 Roberho
827 4757 905 4828 Pacy
923 4758 959 4812 de
976 4758 1102 4830 quadam
1120 4759 1205 4818 domo
1260 4787 1270 4800 ·
1325 4767 1361 4823 70

306 4840 421 4898 CCXV.
445 4841 533 4898 Cama
550 4841 627 4896 facin
645 4839 770 4897 Ricardo
788 4839 825 4894 da
842 4840 920 4895 Albo
937 4840 1150 4899 Menanterio·
1259 4879 1269 4893 -
1324 4851 1359 4905 ¹71

307 4923 442 4998 CCXVI.
464 4924 552 4982 Caria
570 4925 647 4980 sacta
665 4922 798 4980 Galfrido
812 4923 962 4980 Sisrewast
1022 4959 1032 4970 -
1141 4960 1151 4974 -
1260 4961 1271 4978 .
1326 4933 1359 4989 71
