3578 5808
557 917 756 968 sncrsramr
779 916 1105 968 nmnsssonrmsss.
1318 905 1358 969 59

725 1139 805 1208 CAP.
830 1141 944 1208 CCVI.

532 1309 644 1374 Occiso
666 1329 729 1393 pro
752 1307 894 1372 decimis
924 1307 963 1372 dc
991 1307 1137 1373 Yottonc.

355 1458 517 1526 Omnibus
541 1459 666 1525 Christi
689 1459 841 1525 fidelibus
865 1481 1008 1546 praesens
1043 1461 1202 1546 scriptum
1236 1460 1504 1545 inspec-Tithesof

311 1565 404 1640 turis,
427 1563 570 1630 decanus
605 1563 721 1640 Oxon’,
742 1563 847 1648 judex
879 1563 1079 1649 principalis,
1103 1564 1259 1649 magister
1281 1563 1361 1628 Hel·
1374 1532 1478 1582 Yatron.

311 1687 371 1750 yas
392 1664 424 1734 le
447 1665 570 1731 Deneis
591 1687 708 1752 gerens
731 1666 819 1731 vices
842 1665 1028 1731 cancellarii
1052 1665 1166 1731 Oxon’.
1189 1665 1232 1730 ad
1255 1669 1361 1730 totnm

310 1789 441 1834 causam
456 1768 492 1832 in
508 1788 607 1833 causa
623 1789 697 1852 quae
713 1768 858 1833 vertitur
873 1769 961 1832 inter
977 1767 1026 1830 W.
1044 1773 1202 1834 rectorem
1218 1767 1360 1834 ecclesiae

309 1870 350 1935 de
373 1869 519 1938 Yectone
543 1892 585 1935 ex
608 1874 703 1957 parte
717 1889 786 1938 una
808 1876 843 1934 et
865 1869 1019 1935 abbatem
1042 1874 1075 1934 et
1098 1875 1298 1935 conventum
1321 1869 1361 1934 dc
1375 1885 1392 1936 f.
1408 1889 1463 1936 ros.

309 1972 544 2040 Malmesburia
566 1995 608 2037 ex
630 1972 744 2049 altera,
766 1971 885 2038 abbate
910 1971 950 2036 de
978 1971 1166 2056 Eynesham
1189 1972 1232 2037 ad
1255 1977 1360 2037 totam

309 2097 440 2143 oausam
457 2075 618 2163 legittime
635 2079 801 2152 excusato,
816 2073 957 2140 salutern
974 2075 1009 2137 in
1025 2073 1175 2139 Domino.
1223 2073 1365 2139 Noverit

310 2177 462 2244 discretio
489 2183 602 2242 vestra
628 2199 687 2242 nos
717 2177 912 2242 mandatum
944 2175 1070 2241 domini
1097 2175 1196 2262 Papae
1227 2177 1263 2240 in
1291 2175 1363 2242 haec

309 2282 410 2348 verba
431 2281 628 2367 suscepisse:
646 2280 849 2367 “Gregorius
866 2280 1045 2365 episcopus,
1062 2301 1175 2344 servus
1197 2301 1364 2346 servorum

308 2389 326 2418 “
350 2383 421 2461 Dei,
445 2381 575 2448 dilectis
598 2381 675 2448 filiis
698 2381 812 2446 abbati
840 2381 881 2446 de
905 2380 1091 2458 Einesham,
1115 2381 1308 2448 cancellario
1331 2388 1365 2447 et

310 2495 327 2521 “
349 2487 472 2552 decano
484 2485 600 2564 Oxon',
617 2483 762 2552 Linooln'
775 2484 931 2562 dioeoesis,
948 2485 1088 2550 salutem
1104 2490 1139 2550 et
1153 2484 1364 2572 apostolicam

310 2597 326 2631 “
349 2587 621 2654 benedictionem.
645 2586 695 2650 W.
717 2608 857 2672 persona
877 2585 1021 2653 ecclesiae
1044 2587 1085 2651 de
1102 2586 1249 2652 Yectone
1270 2587 1365 2653 nobis

310 2696 326 2726 “
350 2691 504 2777 exposuit
519 2689 747 2775 conquerendo
763 2688 850 2774 quod
866 2689 968 2754 abbas
984 2693 1018 2753 et
1033 2694 1214 2754 conventus
1225 2689 1265 2754 de
1282 2688 1365 2754 Mal·

311 2802 327 2828 “
350 2792 514 2858 mesburia
529 2797 563 2857 et
577 2791 712 2878 quidam
728 2790 793 2867 alii,
811 2791 929 2856 Sarum
945 2791 1102 2868 dioecesis,
1118 2813 1216 2877 super
1231 2790 1365 2857 decimis

311 2909 327 2936 “
351 2902 385 2961 et
399 2896 497 2961 rebus
512 2894 587 2962 aliis
599 2895 801 2980 injuriantur
817 2893 931 2959 eidem.
960 2893 1121 2973 Quocirca
1135 2893 1364 2960 discretionem

309 3004 327 3030 “
350 3003 493 3064 vestram
509 3019 568 3084 per
579 2996 759 3083 apostoliea
774 2997 897 3084 scripta
906 2997 1109 3072 mandamus,
1125 2997 1281 3081 quatinus
1292 3021 1365 3084 par-

310 3109 327 3134 “
351 3101 441 3167 tibus
456 3101 643 3167 convocatis
659 3100 803 3166 audiatis
819 3121 950 3166 causam
966 3105 1009 3176 et,
1026 3098 1248 3185 appellatione
1263 3123 1365 3168 remo·

311 3211 327 3237 “
350 3209 393 3280 ta,
417 3203 483 3268 fine
507 3203 619 3268 debito
646 3201 839 3280 terminetis
862 3201 1019 3268 faciontes
1044 3201 1132 3286 quod
1155 3203 1364 3270 decreveritis

309 3311 327 3340 “
349 3325 594 3392 percensuram
610 3305 860 3371 ecclesiasticam
877 3305 1016 3370 firmiter
1031 3303 1203 3369 observari.
1251 3306 1364 3372 Testes

311 3415 327 3440 “
351 3411 462 3472 autem
498 3405 556 3492 qui
591 3407 715 3471 fuerint
738 3406 910 3482 nominati,
934 3407 961 3469 si
994 3427 1028 3469 se
1061 3405 1177 3491 gratia,
1201 3406 1275 3471 odio
1310 3409 1363 3472 vel

311 3510 468 3574 “timore
492 3508 728 3584 subtraxerint,
751 3529 889 3573 censura
923 3505 1032 3584 simili,
1055 3506 1274 3593 appellatione
1298 3531 1364 3576 oes-

312 3619 329 3645 “
352 3616 453 3689 sante,
476 3610 601 3697 cogatis
627 3611 764 3676 veritati
787 3609 1014 3674 testimonium
1041 3608 1219 3695 perhibere.
1268 3610 1364 3690 Quod

311 3721 328 3747 “
352 3714 380 3776 si
402 3734 470 3778 non
493 3734 605 3778 omnes
628 3711 693 3777 hiis
710 3712 911 3798 exequendis
927 3712 1101 3797 potueritis
1117 3712 1282 3792 interesse,
1299 3715 1365 3779 duo

310 3823 328 3849 “
352 3821 498 3882 vestrum
521 3813 738 3880 nihilominus
760 3818 974 3902 exequantur.
998 3813 1125 3879 Datum
1149 3813 1286 3894 Perusii,
1304 3817 1362 3882 iiii.

309 3923 328 3952 ‘¹
352 3917 417 3983 kal.
450 3914 583 4004 Aprilis,
607 3918 821 4003 pontificatus
844 3916 949 3982 nostri
972 3937 1060 3983 anno
1083 3917 1208 3983 tertio.''
1254 3917 1366 4006 Hujus

310 4022 415 4107 igitur
437 4020 634 4088 auctoritate
658 4020 809 4085 mandati
832 4025 941 4085 actore
963 4041 1072 4086 coram
1095 4021 1190 4086 nobis
1213 4041 1366 4108 persona-

310 4124 388 4189 liter
409 4128 628 4210 comparente,
652 4122 750 4188 dictis
774 4123 894 4188 abbate
917 4128 952 4187 et
978 4129 1143 4188 conventu
1165 4145 1224 4209 per
1246 4126 1365 4212 magis-

311 4233 403 4291 trum
419 4225 461 4289 N.
478 4226 520 4291 de
536 4223 762 4310 Cyreneestre,
787 4229 1032 4310 procuratorem
1056 4223 1171 4291 datum
1194 4226 1237 4291 ad
1260 4231 1366 4292 totam

311 4349 451 4406 causam,
489 4326 763 4414 comparentibus,
802 4328 890 4393 facta
927 4326 993 4391 fuit
1029 4326 1118 4392 dicto
1163 4329 1367 4414 procuratori

310 4429 413 4496 editio
436 4429 499 4494 sub
522 4428 584 4494 hac
606 4429 728 4494 forma:

355 4531 448 4597 Dicit
470 4531 648 4617 praedictus
671 4530 721 4595 W.
746 4535 851 4596 rector
873 4531 1016 4597 ecclesiae
1039 4532 1079 4597 de
1111 4531 1256 4598 Yectone
1279 4534 1367 4620 quod

308 4635 412 4700 abbas
447 4641 482 4698 et
504 4639 686 4700 conventus
716 4633 758 4698 de
791 4633 1025 4699 Malmesburia
1059 4634 1182 4720 injuste
1215 4636 1367 4702 detinent

309 4737 454 4804 decimas
491 4737 725 4824 provenientes
763 4736 803 4801 de
842 4736 1006 4804 dominico
1043 4739 1131 4823 quod
1169 4737 1293 4804 habent
1330 4740 1366 4804 in

313 4839 425 4908 Parva
447 4839 602 4920 Yectone,
626 4839 707 4906 sitas
738 4839 826 4906 infra
856 4839 979 4908 limites
1001 4840 1183 4928 parrochia
1217 4840 1258 4907 de
1281 4840 1365 4910 Yec-
