3578 5808
458 879 501 946 38
710 895 908 946 snsrsrnurr
931 888 1257 943 nemsssunrnrsn.

458 1087 557 1163 tione,
572 1086 687 1170 quieta
702 1085 890 1162 clamantia,
908 1085 1025 1148 lineet
1048 1081 1230 1158 eoncordia,
1247 1079 1508 1146 idemWalterus

457 1196 492 1252 et
515 1188 624 1253 Grieia
647 1185 867 1262 remiserunt,1
892 1193 926 1250 et
942 1187 1091 1270 quietum
1108 1184 1337 1250 clamaverunt
1359 1182 1400 1246 de
1423 1203 1458 1245 se
1483 1186 1517 1245 et

459 1291 634 1356 heredibus
656 1290 760 1374 ipsius
784 1289 911 1364 Griciae,
942 1287 1099 1372 praedicto
1131 1287 1268 1371 Hugoni
1301 1283 1451 1361 Piehard,
1482 1288 1517 1346 et

460 1393 634 1457 heredibus
672 1392 740 1456 suis
778 1393 1019 1476 inperpetuum,
1050 1395 1160 1454 totum
1194 1389 1251 1473 jes
1289 1393 1324 1452 et
1360 1386 1515 1451 claudum

460 1494 548 1578 quod
570 1493 759 1558 habuerunt
781 1495 816 1556 in
842 1513 907 1556 uno
929 1490 1108 1576 mesuagio,
1132 1512 1207 1556 cum
1238 1488 1450 1574 pertinentiis
1480 1487 1515 1550 in

420 1613 422 1616 ’
460 1597 573 1661 eadem
612 1595 700 1672 villa,
736 1595 823 1680 quod
858 1593 949 1679 jacet
987 1594 1075 1658 inter
1109 1593 1244 1658 domurn
1281 1590 1441 1654 Willelmi
1476 1590 1516 1654 de

462 1698 622 1764 Bedelord
649 1704 683 1761 et
705 1697 869 1762 Johannis
893 1696 1010 1774 Sivolt,
1033 1700 1069 1762 et
1100 1695 1188 1780 quod
1215 1695 1422 1779 mesuagium
1453 1693 1517 1778 ipsi

463 1800 628 1864 Walterus
644 1805 679 1863 et
702 1799 812 1864 Gricia
837 1821 950 1863 versus
966 1798 1162 1884 pradictum
1178 1797 1334 1862 abbatem
1351 1795 1392 1859 de
1414 1794 1517 1879 Hyda

463 1901 659 1988 exigebant;
687 1906 721 1965 et
745 1907 903 1986 praeterea
928 1901 1015 1965 idem
1038 1899 1206 1964 Walterus
1229 1903 1263 1962 et
1291 1897 1403 1962 Grieia
1420 1896 1515 1960 dede·

463 2011 543 2068 runt
565 2001 721 2088 praedicto
747 2003 882 2088 Hugoni
906 2023 1008 2066 unam
1031 2022 1175 2066 marcam
1200 1999 1339 2085 argenti.

854 2238 934 2304 CAP.
960 2237 1123 2303 CLXXX.

495 2380 543 2446 De
566 2403 641 2446 artu
663 2379 799 2465 riryetu
822 2385 919 2442 terroe
942 2399 1049 2463 quant
1071 2375 1223 2440 Mattlda
1246 2375 1286 2440 da
1309 2374 1494 2442 Hesdboute

609 2483 758 2569 qreietum
782 2480 943 2546 curuavit
971 2477 1114 2565 Hreyoni
1143 2477 1374 2545 Curabarlunn

300 2629 453 2692 Quitelaim.
513 2609 626 2674 Sciant
649 2615 825 2696 praesentes
849 2613 883 2672 et
906 2607 1011 2671 futuri
1034 2606 1122 2692 quod
1144 2605 1216 2671 haee
1238 2611 1289 2670 est
1311 2602 1421 2669 finalis
1444 2624 1520 2668 con·

468 2711 578 2777 cordia
616 2712 703 2775 inter
738 2708 912 2774 Matildam
951 2708 991 2772 de
1034 2707 1230 2772 Hesselhote
1269 2711 1447 2792 petentem,
1486 2709 1520 2768 et

469 2813 645 2898 Hugonem
670 2811 924 2878 Camberlanum
955 2816 1134 2886 tenentem,
1158 2831 1266 2874 eoram
1290 2807 1456 2872 Willelmo
1480 2806 1520 2871 da

469 2915 599 2979 Sanetae
635 2915 748 2979 Mariae
788 2912 940 2990 Ecclesia,
981 2911 1134 2977 Johanne
1171 2912 1291 2977 abbate
1330 2911 1371 2975 de
1410 2909 1521 2995 Hyda,

468 3017 594 3082 Thomu
624 3017 663 3080 de
687 3016 909 3092 Husseburne,
929 3015 1124 3101 justiciariis
1157 3013 1283 3078 domini
1314 3014 1400 3099 regis
1423 3013 1521 3077 itine-

469 3119 629 3196 rantibus,
654 3139 752 3202 super
778 3138 845 3182 una
868 3119 999 3202 virgata
1021 3121 1117 3181 terrae
1147 3116 1184 3181 in
1219 3115 1423 3192 Hesselhote,
1447 3136 1522 3180 eum

469 3221 685 3305 pertinentiis,
709 3242 782 3305 quae
805 3219 871 3283 fuit
893 3218 1052 3282 Willelmi
1075 3218 1191 3284 elerici.
1232 3218 1339 3297 Quam
1358 3219 1521 3303 virgatam

470 3322 633 3386 liebertus
667 3321 768 3386 abbas
795 3321 888 3385 dedit
922 3321 1010 3386 dieto
1043 3321 1179 3406 Hugoni
1210 3342 1269 3406 pro
1301 3320 1454 3405 homagio
1488 3327 1523 3384 et

470 3423 606 3486 servitio
629 3443 710 3501 su0;
733 3423 867 3498 seilicet,
891 3422 979 3508 quod
1006 3421 1095 3487 dicta
1119 3421 1260 3488 Matilda
1282 3422 1433 3506 quietum
1456 3421 1521 3486 ela·

470 3526 577 3589 mavit
595 3525 684 3590 dieto
702 3525 838 3612 Hugoni
862 3530 971 3589 totum
989 3525 1046 3610 jus
1069 3525 1157 3609 quod
1180 3524 1306 3600 habuit,
1327 3525 1380 3589 vel
1402 3525 1522 3590 habere

472 3627 590 3712 potuit,
614 3628 650 3691 in
677 3627 836 3712 praedieta
857 3626 989 3712 virgata
1020 3631 1124 3704 terrae,
1147 3647 1206 3712 pro
1238 3626 1384 3711 quinque
1406 3628 1523 3692 mareis

471 3730 600 3815 argenti
625 3751 705 3815 quas
728 3729 759 3792 ei
781 3729 921 3814 pacavit.
968 3727 1013 3791 Et
1043 3727 1133 3793 dieta
1156 3727 1296 3792 Matilda
1327 3735 1522 3813 praesentem

472 3839 597 3898 cartam
625 3831 732 3918 sigillo
763 3853 822 3895 suo
846 3829 1061 3895 confirmavit.
1108 3831 1184 3894 Hiis
1215 3830 1357 3895 testibus
1380 3830 1524 3897 Roberto

472 3935 600 4012 abbate,
625 3939 659 3998 et
681 3933 763 3998 aliis.

855 4133 934 4200 Cir.
959 4131 1156 4200 CLXXXI.²

615 4275 663 4338 De
688 4297 764 4338 reue
789 4273 880 4339 libra
904 4297 983 4340 carce
1008 4274 1201 4340 annuatim
1225 4275 1390 4341 solvenda.

520 4407 647 4471 Notum
670 4408 715 4470 sit
738 4407 890 4471 omnibus
921 4413 990 4470 tarn
1013 4407 1232 4492 praesentibus
1263 4428 1363 4494 quarn
1395 4408 1526 4486 futuris,

367 4523 373 4536 ·
476 4510 561 4594 quod
586 4531 645 4595 ego
668 4509 836 4574 Johannes
861 4509 1086 4587 Cordewaner,
1109 4510 1281 4596 burgensis
1305 4511 1344 4576 de
1363 4511 1527 4588 Bristolle,

475 4637 533 4700 pro
557 4613 662 4678 salute
685 4613 804 4677 animae
835 4635 917 4677 mere
940 4617 974 4679 et
997 4619 1238 4679 antecessorum
1270 4636 1417 4680 meorum
1442 4615 1527 4692 dedi,

481 4741 567 4746 -...-„-
591 4741 618 4745 ..-
701 4741 715 4744 -
744 4739 1014 4747 -a—--.——.-—

508 4787 775 4838 ¹renaaruatinMS.
875 4815 880 4825 ·
1024 4788 1129 4839 “Libra
1140 4805 1204 4841 eeroe
1215 4805 1267 4840 non
1285 4796 1325 4840 est
1340 4791 1431 4842 soluta.
1465 4790 1526 4842 Ideo

508 4867 519 4900 ²
535 4869 565 4917 In
577 4869 619 4916 the
631 4865 728 4931 margin
740 4867 819 4916 above
835 4865 887 4916 this
898 4865 975 4930 chap-
1023 4871 1040 4896 “
1058 4868 1197 4934 inquiratur
1208 4870 1239 4920 de
1251 4871 1353 4921 θεῶν’

474 4957 521 5012 ter,
539 4949 580 4998 tha
598 4945 728 5011 following
750 4953 810 4997 note
832 4945 974 5010 isaritten,
