<?xml version="1.0" encoding="UTF-8"?>
<!DOCTYPE html PUBLIC "-//W3C//DTD XHTML 1.0 Transitional//EN"
    "http://www.w3.org/TR/xhtml1/DTD/xhtml1-transitional.dtd">
<html xmlns="http://www.w3.org/1999/xhtml" xml:lang="en" lang="en">
 <head>
  <title>
</title>
<meta http-equiv="Content-Type" content="text/html;charset=utf-8" />
  <meta name='ocr-system' content='tesseract 3.04.00' />
  <meta name='ocr-capabilities' content='ocr_page ocr_carea ocr_par ocr_line ocrx_word'/>
</head>
<body>
  <div class='ocr_page' id='page_1' title='image "./registrummalmes00martgoog_0482.png"; bbox 0 0 3524 5808; ppageno 0'>
   <div class='ocr_carea' id='block_1_1' title="bbox 431 779 1066 845">
    <p class='ocr_par' dir='ltr' id='par_1_1' title="bbox 431 779 1066 845">
     <span class='ocr_line' id='line_1_1' title="bbox 431 779 1066 845; baseline -0.008 -1"><span class='ocrx_word' id='word_1_1' title='bbox 431 779 497 845; x_wconf 84' lang='lat'>388</span> <span class='ocrx_word' id='word_1_2' title='bbox 841 791 1020 842; x_wconf 80' lang='lat' dir='ltr'>arraunrx</span> <span class='ocrx_word' id='word_1_3' title='bbox 1046 791 1066 839; x_wconf 93' lang='lat'>1.</span> 
     </span>
    </p>
   </div>
   <div class='ocr_carea' id='block_1_2' title="bbox 260 974 1489 1184">
    <p class='ocr_par' dir='ltr' id='par_1_2' title="bbox 260 974 1489 1184">
     <span class='ocr_line' id='line_1_2' title="bbox 260 974 1487 1066; baseline -0.011 -17"><span class='ocrx_word' id='word_1_4' title='bbox 260 987 279 1038; x_wconf 77' lang='lat' dir='ltr'>f.</span> <span class='ocrx_word' id='word_1_5' title='bbox 295 992 333 1036; x_wconf 79' lang='lat'>¹⁵·</span> <span class='ocrx_word' id='word_1_6' title='bbox 476 979 715 1046; x_wconf 86' lang='lat' dir='ltr'>¹Innocentius</span> <span class='ocrx_word' id='word_1_7' title='bbox 758 979 939 1066; x_wconf 74' lang='lat' dir='ltr'>episcopus</span> <span class='ocrx_word' id='word_1_8' title='bbox 974 1001 1088 1044; x_wconf 81' lang='lat' dir='ltr'>servus</span> <span class='ocrx_word' id='word_1_9' title='bbox 1126 999 1294 1042; x_wconf 82' lang='lat' dir='ltr'>servorum</span> <span class='ocrx_word' id='word_1_10' title='bbox 1328 975 1402 1052; x_wconf 92' lang='lat' dir='ltr'>Dei,</span> <span class='ocrx_word' id='word_1_11' title='bbox 1436 974 1487 1038; x_wconf 91' lang='lat' dir='ltr'>di-</span> 
     </span>
     <span class='ocr_line' id='line_1_3' title="bbox 260 1055 1489 1184; baseline -0.005 -37"><span class='ocrx_word' id='word_1_12' title='bbox 260 1055 420 1184; x_wconf 52' lang='grc' dir='ltr'>ἑῗξζέξὲῗζ</span> <span class='ocrx_word' id='word_1_13' title='bbox 432 1080 527 1146; x_wconf 85' lang='lat' dir='ltr'>lectis</span> <span class='ocrx_word' id='word_1_14' title='bbox 559 1081 637 1146; x_wconf 88' lang='lat' dir='ltr'>filiis</span> <span class='ocrx_word' id='word_1_15' title='bbox 685 1080 799 1147; x_wconf 88' lang='lat' dir='ltr'>abbati</span> <span class='ocrx_word' id='word_1_16' title='bbox 829 1085 864 1146; x_wconf 90' lang='lat' dir='ltr'>et</span> <span class='ocrx_word' id='word_1_17' title='bbox 893 1081 1072 1147; x_wconf 89' lang='lat' dir='ltr'>conventui</span> <span class='ocrx_word' id='word_1_18' title='bbox 1111 1079 1301 1144; x_wconf 85' lang='lat' dir='ltr'>monasterii</span> <span class='ocrx_word' id='word_1_19' title='bbox 1334 1076 1489 1143; x_wconf 83' lang='lat' dir='ltr'>Malmes·</span> 
     </span>
    </p>
   </div>
   <div class='ocr_carea' id='block_1_3' title="bbox 255 1178 1543 4524">
    <p class='ocr_par' dir='ltr' id='par_1_3' title="bbox 255 1178 1543 4524">
     <span class='ocr_line' id='line_1_4' title="bbox 261 1178 1487 1267; baseline -0.003 -22"><span class='ocrx_word' id='word_1_20' title='bbox 261 1187 385 1236; x_wconf 69' lang='lat' dir='ltr'>Innocens</span> <span class='ocrx_word' id='word_1_21' title='bbox 432 1182 547 1259; x_wconf 79' lang='lat' dir='ltr'>burise,</span> <span class='ocrx_word' id='word_1_22' title='bbox 571 1183 613 1247; x_wconf 87' lang='lat' dir='ltr'>ad</span> <span class='ocrx_word' id='word_1_23' title='bbox 653 1183 839 1248; x_wconf 78' lang='lat' dir='ltr'><strong>Romanam</strong></span> <span class='ocrx_word' id='word_1_24' title='bbox 877 1183 1056 1258; x_wconf 88' lang='lat' dir='ltr'>ecclesiam,</span> <span class='ocrx_word' id='word_1_25' title='bbox 1087 1186 1187 1267; x_wconf 92' lang='lat' dir='ltr'>prout</span> <span class='ocrx_word' id='word_1_26' title='bbox 1225 1179 1356 1257; x_wconf 90' lang='lat' dir='ltr'>dicitur,</span> <span class='ocrx_word' id='word_1_27' title='bbox 1393 1178 1487 1242; x_wconf 91' lang='lat' dir='ltr'>nullo</span> 
     </span>
     <span class='ocr_line' id='line_1_5' title="bbox 261 1252 1487 1382; baseline -0.002 -35"><span class='ocrx_word' id='word_1_28' title='bbox 261 1252 416 1382; x_wconf 50' lang='lat' dir='ltr'>fflffion</span> <span class='ocrx_word' id='word_1_29' title='bbox 436 1284 545 1378; x_wconf 84' lang='lat' dir='ltr'>medio</span> <span class='ocrx_word' id='word_1_30' title='bbox 577 1285 783 1370; x_wconf 89' lang='lat' dir='ltr'>pertinentis,</span> <span class='ocrx_word' id='word_1_31' title='bbox 817 1285 941 1350; x_wconf 85' lang='lat' dir='ltr'>ordinis</span> <span class='ocrx_word' id='word_1_32' title='bbox 974 1285 1089 1350; x_wconf 90' lang='lat' dir='ltr'>Sancti</span> <span class='ocrx_word' id='word_1_33' title='bbox 1123 1282 1304 1363; x_wconf 79' lang='lat' dir='ltr'>Benedicti,</span> <span class='ocrx_word' id='word_1_34' title='bbox 1340 1280 1487 1346; x_wconf 85' lang='lat' dir='ltr'>Saresbi·</span> 
     </span>
     <span class='ocr_line' id='line_1_6' title="bbox 263 1385 1485 1474; baseline -0.002 -24"><span class='ocrx_word' id='word_1_35' title='bbox 263 1386 403 1462; x_wconf 75' lang='lat' dir='ltr'>pompay-</span> <span class='ocrx_word' id='word_1_36' title='bbox 435 1387 552 1450; x_wconf 90' lang='lat' dir='ltr'>riensis</span> <span class='ocrx_word' id='word_1_37' title='bbox 575 1387 720 1464; x_wconf 89' lang='lat' dir='ltr'>diocesis,</span> <span class='ocrx_word' id='word_1_38' title='bbox 750 1387 891 1452; x_wconf 90' lang='lat' dir='ltr'>salutem</span> <span class='ocrx_word' id='word_1_39' title='bbox 915 1393 950 1452; x_wconf 88' lang='lat' dir='ltr'>et</span> <span class='ocrx_word' id='word_1_40' title='bbox 971 1387 1183 1474; x_wconf 88' lang='lat' dir='ltr'>apostolicam</span> <span class='ocrx_word' id='word_1_41' title='bbox 1215 1385 1485 1452; x_wconf 74' lang='lat' dir='ltr'>benedictionem</span> 
     </span>
     <span class='ocr_line' id='line_1_7' title="bbox 262 1466 1487 1584; baseline -0.001 -31"><span class='ocrx_word' id='word_1_42' title='bbox 262 1466 379 1584; x_wconf 44' lang='lat' dir='ltr'>{ffugi}</span> <span class='ocrx_word' id='word_1_43' title='bbox 436 1489 563 1554; x_wconf 69' lang='lat' dir='ltr'>Vestrae</span> <span class='ocrx_word' id='word_1_44' title='bbox 587 1490 713 1554; x_wconf 87' lang='lat' dir='ltr'>meritis</span> <span class='ocrx_word' id='word_1_45' title='bbox 746 1489 933 1554; x_wconf 90' lang='lat' dir='ltr'>devotionis</span> <span class='ocrx_word' id='word_1_46' title='bbox 967 1489 1162 1566; x_wconf 81' lang='lat' dir='ltr'>inducimur,</span> <span class='ocrx_word' id='word_1_47' title='bbox 1186 1494 1226 1553; x_wconf 91' lang='lat' dir='ltr'>ut</span> <span class='ocrx_word' id='word_1_48' title='bbox 1256 1509 1315 1552; x_wconf 86' lang='lat' dir='ltr'>vos</span> <span class='ocrx_word' id='word_1_49' title='bbox 1353 1486 1487 1572; x_wconf 83' lang='lat' dir='ltr'>speciali</span> 
     </span>
     <span class='ocr_line' id='line_1_8' title="bbox 260 1587 1487 1716; baseline -0.002 -61"><span class='ocrx_word' id='word_1_50' title='bbox 260 1587 394 1716; x_wconf 55' lang='lat' dir='ltr'>ffirsty</span> <span class='ocrx_word' id='word_1_51' title='bbox 434 1592 543 1676; x_wconf 87' lang='lat' dir='ltr'>gratia</span> <span class='ocrx_word' id='word_1_52' title='bbox 564 1611 807 1676; x_wconf 85' lang='lat' dir='ltr'>prosequamur.</span> <span class='ocrx_word' id='word_1_53' title='bbox 853 1591 943 1656; x_wconf 92' lang='lat' dir='ltr'>Hinc</span> <span class='ocrx_word' id='word_1_54' title='bbox 973 1595 1024 1656; x_wconf 91' lang='lat' dir='ltr'>est</span> <span class='ocrx_word' id='word_1_55' title='bbox 1053 1590 1141 1676; x_wconf 91' lang='lat' dir='ltr'>quod</span> <span class='ocrx_word' id='word_1_56' title='bbox 1170 1611 1230 1654; x_wconf 89' lang='lat' dir='ltr'>nos</span> <span class='ocrx_word' id='word_1_57' title='bbox 1260 1589 1379 1654; x_wconf 87' lang='lat' dir='ltr'>vestris</span> <span class='ocrx_word' id='word_1_58' title='bbox 1409 1610 1487 1673; x_wconf 90' lang='lat' dir='ltr'>sup-</span> 
     </span>
     <span class='ocr_line' id='line_1_9' title="bbox 263 1687 1485 1782; baseline -0.001 -23"><span class='ocrx_word' id='word_1_59' title='bbox 263 1719 347 1766; x_wconf 69' lang='lat'>1002.</span> <span class='ocrx_word' id='word_1_60' title='bbox 397 1687 402 1700; x_wconf 85' lang='lat'>&#39;</span> <span class='ocrx_word' id='word_1_61' title='bbox 435 1696 668 1782; x_wconf 86' lang='lat' dir='ltr'>plicationibus</span> <span class='ocrx_word' id='word_1_62' title='bbox 699 1701 891 1774; x_wconf 75' lang='lat' dir='ltr'>annuentes,</span> <span class='ocrx_word' id='word_1_63' title='bbox 922 1697 1120 1762; x_wconf 83' lang='lat' dir='ltr'>auctoritate</span> <span class='ocrx_word' id='word_1_64' title='bbox 1149 1696 1244 1761; x_wconf 90' lang='lat' dir='ltr'>vobis</span> <span class='ocrx_word' id='word_1_65' title='bbox 1273 1695 1485 1780; x_wconf 82' lang='lat' dir='ltr'>praesentium</span> 
     </span>
     <span class='ocr_line' id='line_1_10' title="bbox 263 1784 1486 1884; baseline -0.002 -22"><span class='ocrx_word' id='word_1_66' title='bbox 263 1784 370 1851; x_wconf 72' lang='lat' dir='ltr'><strong>[¹²⁴⁸J·</strong></span> <span class='ocrx_word' id='word_1_67' title='bbox 433 1798 651 1884; x_wconf 86' lang='lat' dir='ltr'>indulgemus,</span> <span class='ocrx_word' id='word_1_68' title='bbox 666 1803 706 1862; x_wconf 91' lang='lat' dir='ltr'>ut</span> <span class='ocrx_word' id='word_1_69' title='bbox 728 1799 772 1864; x_wconf 92' lang='lat' dir='ltr'>ad</span> <span class='ocrx_word' id='word_1_70' title='bbox 794 1799 1012 1884; x_wconf 88' lang='lat' dir='ltr'>receptionem</span> <span class='ocrx_word' id='word_1_71' title='bbox 1028 1798 1082 1864; x_wconf 85' lang='lat' dir='ltr'>vel</span> <span class='ocrx_word' id='word_1_72' title='bbox 1105 1797 1324 1884; x_wconf 79' lang='lat' dir='ltr'>provisionem</span> <span class='ocrx_word' id='word_1_73' title='bbox 1347 1796 1486 1881; x_wconf 88' lang='lat' dir='ltr'>alicujus</span> 
     </span>
     <span class='ocr_line' id='line_1_11' title="bbox 432 1897 1483 1985; baseline 0 -22"><span class='ocrx_word' id='word_1_74' title='bbox 432 1899 468 1963; x_wconf 92' lang='lat' dir='ltr'>in</span> <span class='ocrx_word' id='word_1_75' title='bbox 490 1900 703 1985; x_wconf 82' lang='lat' dir='ltr'>pensionibus</span> <span class='ocrx_word' id='word_1_76' title='bbox 733 1921 791 1965; x_wconf 89' lang='lat' dir='ltr'>seu</span> <span class='ocrx_word' id='word_1_77' title='bbox 814 1899 981 1965; x_wconf 83' lang='lat' dir='ltr'>beneficiis</span> <span class='ocrx_word' id='word_1_78' title='bbox 1010 1898 1235 1966; x_wconf 82' lang='lat' dir='ltr'>ecclesiasticis</span> <span class='ocrx_word' id='word_1_79' title='bbox 1258 1899 1329 1985; x_wconf 83' lang='lat' dir='ltr'>cogi</span> <span class='ocrx_word' id='word_1_80' title='bbox 1361 1897 1401 1963; x_wconf 90' lang='lat' dir='ltr'>dc</span> <span class='ocrx_word' id='word_1_81' title='bbox 1424 1919 1483 1963; x_wconf 84' lang='lat' dir='ltr'>cae·</span> 
     </span>
     <span class='ocr_line' id='line_1_12' title="bbox 429 1999 1485 2088; baseline 0.001 -23"><span class='ocrx_word' id='word_1_82' title='bbox 429 2005 501 2066; x_wconf 90' lang='lat' dir='ltr'>tero</span> <span class='ocrx_word' id='word_1_83' title='bbox 528 2023 586 2086; x_wconf 90' lang='lat' dir='ltr'>per</span> <span class='ocrx_word' id='word_1_84' title='bbox 608 2001 738 2067; x_wconf 87' lang='lat' dir='ltr'>litteras</span> <span class='ocrx_word' id='word_1_85' title='bbox 771 2000 966 2088; x_wconf 84' lang='lat' dir='ltr'>apostolicas</span> <span class='ocrx_word' id='word_1_86' title='bbox 998 2021 1066 2067; x_wconf 93' lang='lat' dir='ltr'>non</span> <span class='ocrx_word' id='word_1_87' title='bbox 1087 2001 1230 2088; x_wconf 90' lang='lat' dir='ltr'>possitis,</span> <span class='ocrx_word' id='word_1_88' title='bbox 1252 2001 1316 2064; x_wconf 93' lang='lat' dir='ltr'>nisi</span> <span class='ocrx_word' id='word_1_89' title='bbox 1348 2000 1389 2065; x_wconf 93' lang='lat' dir='ltr'>de</span> <span class='ocrx_word' id='word_1_90' title='bbox 1422 1999 1485 2066; x_wconf 82' lang='lat' dir='ltr'>bac</span> 
     </span>
     <span class='ocr_line' id='line_1_13' title="bbox 429 2103 1481 2189; baseline 0.001 -24"><span class='ocrx_word' id='word_1_91' title='bbox 429 2103 638 2189; x_wconf 89' lang='lat' dir='ltr'>indulgentia</span> <span class='ocrx_word' id='word_1_92' title='bbox 659 2103 792 2189; x_wconf 88' lang='lat' dir='ltr'>plenam</span> <span class='ocrx_word' id='word_1_93' title='bbox 815 2110 849 2169; x_wconf 88' lang='lat' dir='ltr'>et</span> <span class='ocrx_word' id='word_1_94' title='bbox 883 2124 1070 2189; x_wconf 82' lang='lat' dir='ltr'>expressam</span> <span class='ocrx_word' id='word_1_95' title='bbox 1100 2103 1238 2170; x_wconf 84' lang='lat' dir='ltr'>fecerint</span> <span class='ocrx_word' id='word_1_96' title='bbox 1274 2103 1481 2168; x_wconf 89' lang='lat' dir='ltr'>mentionem</span> 
     </span>
     <span class='ocr_line' id='line_1_14' title="bbox 300 2203 1481 2292; baseline 0.001 -24"><span class='ocrx_word' id='word_1_97' title='bbox 300 2267 305 2276; x_wconf 85' lang='grc'>,</span> <span class='ocrx_word' id='word_1_98' title='bbox 430 2203 526 2268; x_wconf 90' lang='lat' dir='ltr'>Nulli</span> <span class='ocrx_word' id='word_1_99' title='bbox 548 2227 625 2292; x_wconf 89' lang='lat' dir='ltr'>ergo</span> <span class='ocrx_word' id='word_1_100' title='bbox 648 2206 783 2271; x_wconf 92' lang='lat' dir='ltr'>omnino</span> <span class='ocrx_word' id='word_1_101' title='bbox 809 2205 980 2271; x_wconf 90' lang='lat' dir='ltr'>hominum</span> <span class='ocrx_word' id='word_1_102' title='bbox 1003 2206 1102 2271; x_wconf 88' lang='lat' dir='ltr'>liceat</span> <span class='ocrx_word' id='word_1_103' title='bbox 1122 2205 1209 2271; x_wconf 88' lang='lat' dir='ltr'>hanc</span> <span class='ocrx_word' id='word_1_104' title='bbox 1231 2205 1386 2291; x_wconf 88' lang='lat' dir='ltr'>paginam</span> <span class='ocrx_word' id='word_1_105' title='bbox 1409 2225 1481 2270; x_wconf 92' lang='lat' dir='ltr'>nos·</span> 
     </span>
     <span class='ocr_line' id='line_1_15' title="bbox 429 2307 1480 2394; baseline 0 -24"><span class='ocrx_word' id='word_1_106' title='bbox 429 2311 491 2371; x_wconf 80' lang='lat' dir='ltr'>trse</span> <span class='ocrx_word' id='word_1_107' title='bbox 514 2307 731 2372; x_wconf 86' lang='lat' dir='ltr'>concessionis</span> <span class='ocrx_word' id='word_1_108' title='bbox 753 2307 942 2394; x_wconf 84' lang='lat' dir='ltr'>infringere,</span> <span class='ocrx_word' id='word_1_109' title='bbox 965 2308 1019 2372; x_wconf 91' lang='lat' dir='ltr'>vel</span> <span class='ocrx_word' id='word_1_110' title='bbox 1042 2308 1073 2372; x_wconf 90' lang='lat' dir='ltr'>ci</span> <span class='ocrx_word' id='word_1_111' title='bbox 1096 2327 1179 2372; x_wconf 89' lang='lat' dir='ltr'>ausu</span> <span class='ocrx_word' id='word_1_112' title='bbox 1211 2308 1384 2372; x_wconf 83' lang='lat' dir='ltr'>temerario</span> <span class='ocrx_word' id='word_1_113' title='bbox 1407 2327 1480 2372; x_wconf 88' lang='lat' dir='ltr'>con-</span> 
     </span>
     <span class='ocr_line' id='line_1_16' title="bbox 428 2407 1480 2495; baseline 0.001 -23"><span class='ocrx_word' id='word_1_114' title='bbox 428 2408 536 2474; x_wconf 90' lang='lat' dir='ltr'>traire.</span> <span class='ocrx_word' id='word_1_115' title='bbox 584 2407 621 2473; x_wconf 87' lang='lat' dir='ltr'>Si</span> <span class='ocrx_word' id='word_1_116' title='bbox 655 2409 730 2494; x_wconf 90' lang='lat' dir='ltr'>quis</span> <span class='ocrx_word' id='word_1_117' title='bbox 761 2414 873 2474; x_wconf 89' lang='lat' dir='ltr'>autem</span> <span class='ocrx_word' id='word_1_118' title='bbox 908 2409 970 2476; x_wconf 89' lang='lat' dir='ltr'>boo</span> <span class='ocrx_word' id='word_1_119' title='bbox 1006 2413 1205 2495; x_wconf 70' lang='lat' dir='ltr'>attemptare</span> <span class='ocrx_word' id='word_1_120' title='bbox 1228 2409 1480 2495; x_wconf 80' lang='lat' dir='ltr'>praesumpserit,</span> 
     </span>
     <span class='ocr_line' id='line_1_17' title="bbox 427 2509 1480 2598; baseline 0.002 -24"><span class='ocrx_word' id='word_1_121' title='bbox 427 2509 691 2596; x_wconf 87' lang='lat' dir='ltr'>indignationem</span> <span class='ocrx_word' id='word_1_122' title='bbox 721 2512 958 2598; x_wconf 83' lang='lat' dir='ltr'>omnipotentis</span> <span class='ocrx_word' id='word_1_123' title='bbox 980 2511 1044 2577; x_wconf 93' lang='lat' dir='ltr'>Dei</span> <span class='ocrx_word' id='word_1_124' title='bbox 1075 2517 1110 2580; x_wconf 91' lang='lat' dir='ltr'>et</span> <span class='ocrx_word' id='word_1_125' title='bbox 1140 2513 1311 2578; x_wconf 86' lang='lat' dir='ltr'>beatorum</span> <span class='ocrx_word' id='word_1_126' title='bbox 1334 2511 1425 2577; x_wconf 91' lang='lat' dir='ltr'>Petri</span> <span class='ocrx_word' id='word_1_127' title='bbox 1447 2517 1480 2576; x_wconf 90' lang='lat' dir='ltr'>et</span> 
     </span>
     <span class='ocr_line' id='line_1_18' title="bbox 426 2608 1480 2700; baseline 0.005 -24"><span class='ocrx_word' id='word_1_128' title='bbox 426 2609 532 2691; x_wconf 91' lang='lat' dir='ltr'>Pauli,</span> <span class='ocrx_word' id='word_1_129' title='bbox 555 2608 778 2700; x_wconf 85' lang='lat' dir='ltr'>apostolorum</span> <span class='ocrx_word' id='word_1_130' title='bbox 803 2615 895 2700; x_wconf 87' lang='lat' dir='ltr'>Ejus,</span> <span class='ocrx_word' id='word_1_131' title='bbox 918 2637 952 2682; x_wconf 88' lang='lat' dir='ltr'>se</span> <span class='ocrx_word' id='word_1_132' title='bbox 984 2615 1116 2681; x_wconf 87' lang='lat' dir='ltr'>noverit</span> <span class='ocrx_word' id='word_1_133' title='bbox 1150 2615 1368 2682; x_wconf 87' lang='lat' dir='ltr'>incursurum.</span> <span class='ocrx_word' id='word_1_134' title='bbox 1413 2614 1480 2681; x_wconf 89' lang='lat' dir='ltr'>Da·</span> 
     </span>
     <span class='ocr_line' id='line_1_19' title="bbox 424 2715 1474 2804; baseline 0.007 -25"><span class='ocrx_word' id='word_1_135' title='bbox 424 2720 499 2780; x_wconf 88' lang='lat' dir='ltr'>tum</span> <span class='ocrx_word' id='word_1_136' title='bbox 531 2715 695 2803; x_wconf 87' lang='lat' dir='ltr'>Lugduni,</span> <span class='ocrx_word' id='word_1_137' title='bbox 727 2717 773 2783; x_wconf 91' lang='lat' dir='ltr'>kl.</span> <span class='ocrx_word' id='word_1_138' title='bbox 802 2718 963 2796; x_wconf 84' lang='lat' dir='ltr'>Octobris,</span> <span class='ocrx_word' id='word_1_139' title='bbox 998 2718 1211 2804; x_wconf 81' lang='lat' dir='ltr'>pontificatus</span> <span class='ocrx_word' id='word_1_140' title='bbox 1247 2720 1353 2785; x_wconf 87' lang='lat' dir='ltr'>nostri</span> <span class='ocrx_word' id='word_1_141' title='bbox 1387 2740 1474 2786; x_wconf 89' lang='lat' dir='ltr'>anno</span> 
     </span>
     <span class='ocr_line' id='line_1_20' title="bbox 428 2823 530 2884; baseline 0.01 -1"><span class='ocrx_word' id='word_1_142' title='bbox 428 2823 530 2884; x_wconf 85' lang='lat' dir='ltr'>sexto.</span> 
     </span>
     <span class='ocr_line' id='line_1_21' title="bbox 257 2919 1480 3040; baseline 0.006 -55"><span class='ocrx_word' id='word_1_143' title='bbox 257 2923 410 3040; x_wconf 65' lang='lat' dir='ltr'>Exemplum</span> <span class='ocrx_word' id='word_1_144' title='bbox 474 2919 667 2988; x_wconf 87' lang='lat' dir='ltr'>1Honorius</span> <span class='ocrx_word' id='word_1_145' title='bbox 704 2923 883 3010; x_wconf 88' lang='lat' dir='ltr'>episcopus,</span> <span class='ocrx_word' id='word_1_146' title='bbox 921 2945 1035 2990; x_wconf 85' lang='lat' dir='ltr'>servus</span> <span class='ocrx_word' id='word_1_147' title='bbox 1067 2946 1234 2991; x_wconf 88' lang='lat' dir='ltr'>servorum</span> <span class='ocrx_word' id='word_1_148' title='bbox 1265 2923 1337 3003; x_wconf 92' lang='lat' dir='ltr'>Dei,</span> <span class='ocrx_word' id='word_1_149' title='bbox 1361 2925 1480 2992; x_wconf 89' lang='lat' dir='ltr'>dilecto</span> 
     </span>
     <span class='ocr_line' id='line_1_22' title="bbox 256 2993 1480 3114; baseline 0.012 -29"><span class='ocrx_word' id='word_1_150' title='bbox 256 2993 409 3108; x_wconf 54' lang='lat' dir='ltr'>ffiffl</span> <span class='ocrx_word' id='word_1_151' title='bbox 430 3022 506 3101; x_wconf 91' lang='lat' dir='ltr'>filio,</span> <span class='ocrx_word' id='word_1_152' title='bbox 530 3024 644 3090; x_wconf 86' lang='lat' dir='ltr'>abbati</span> <span class='ocrx_word' id='word_1_153' title='bbox 667 3025 907 3104; x_wconf 81' lang='lat' dir='ltr'>Malmesbiriae,</span> <span class='ocrx_word' id='word_1_154' title='bbox 922 3027 1063 3094; x_wconf 85' lang='lat' dir='ltr'>salutem</span> <span class='ocrx_word' id='word_1_155' title='bbox 1086 3033 1121 3093; x_wconf 89' lang='lat' dir='ltr'>et</span> <span class='ocrx_word' id='word_1_156' title='bbox 1143 3029 1356 3114; x_wconf 87' lang='lat' dir='ltr'>apostolicam</span> <span class='ocrx_word' id='word_1_157' title='bbox 1383 3033 1480 3100; x_wconf 88' lang='lat' dir='ltr'>bene·</span> 
     </span>
     <span class='ocr_line' id='line_1_23' title="bbox 255 3122 1480 3242; baseline 0.015 -54"><span class='ocrx_word' id='word_1_158' title='bbox 255 3122 397 3242; x_wconf 57' lang='lat' dir='ltr'>irloIriiicnn</span> <span class='ocrx_word' id='word_1_159' title='bbox 429 3125 614 3192; x_wconf 91' lang='lat' dir='ltr'>dictionem</span> <span class='ocrx_word' id='word_1_160' title='bbox 661 3127 693 3190; x_wconf 84' lang='lat' dir='ltr'>A</span> <span class='ocrx_word' id='word_1_161' title='bbox 715 3127 810 3193; x_wconf 89' lang='lat' dir='ltr'>nobis</span> <span class='ocrx_word' id='word_1_162' title='bbox 840 3127 1011 3194; x_wconf 89' lang='lat' dir='ltr'>humiliter</span> <span class='ocrx_word' id='word_1_163' title='bbox 1040 3131 1217 3217; x_wconf 85' lang='lat' dir='ltr'>postulasti</span> <span class='ocrx_word' id='word_1_164' title='bbox 1247 3139 1287 3200; x_wconf 92' lang='lat' dir='ltr'>ut</span> <span class='ocrx_word' id='word_1_165' title='bbox 1316 3158 1390 3203; x_wconf 91' lang='lat' dir='ltr'>cum</span> <span class='ocrx_word' id='word_1_166' title='bbox 1414 3161 1480 3206; x_wconf 92' lang='lat' dir='ltr'>non</span> 
     </span>
     <span class='ocr_line' id='line_1_24' title="bbox 256 3207 1543 3327; baseline 0.016 -39"><span class='ocrx_word' id='word_1_167' title='bbox 256 3207 417 3308; x_wconf 49' lang='lat' dir='ltr'>incommiscg</span> <span class='ocrx_word' id='word_1_168' title='bbox 429 3224 550 3292; x_wconf 87' lang='lat' dir='ltr'>habeas</span> <span class='ocrx_word' id='word_1_169' title='bbox 568 3226 655 3312; x_wconf 88' lang='lat' dir='ltr'>juris</span> <span class='ocrx_word' id='word_1_170' title='bbox 678 3228 840 3312; x_wconf 88' lang='lat' dir='ltr'>peritiam,</span> <span class='ocrx_word' id='word_1_171' title='bbox 868 3233 903 3294; x_wconf 91' lang='lat' dir='ltr'>et</span> <span class='ocrx_word' id='word_1_172' title='bbox 925 3236 1059 3316; x_wconf 91' lang='lat' dir='ltr'>propter</span> <span class='ocrx_word' id='word_1_173' title='bbox 1077 3233 1280 3318; x_wconf 88' lang='lat' dir='ltr'>judiciorum</span> <span class='ocrx_word' id='word_1_174' title='bbox 1302 3242 1478 3327; x_wconf 80' lang='lat' dir='ltr'>strepitum</span> <span class='ocrx_word' id='word_1_175' title='bbox 1537 3313 1543 3322; x_wconf 62' lang='grc'><em>,</em></span> 
     </span>
     <span class='ocr_line' id='line_1_25' title="bbox 257 3323 1479 3429; baseline 0.016 -38"><span class='ocrx_word' id='word_1_176' title='bbox 257 3323 365 3373; x_wconf 65' lang='lat' dir='ltr'>⁵³⁰³s⁰r</span> <span class='ocrx_word' id='word_1_177' title='bbox 429 3329 602 3414; x_wconf 87' lang='lat' dir='ltr'>contingat</span> <span class='ocrx_word' id='word_1_178' title='bbox 624 3328 709 3394; x_wconf 91' lang='lat' dir='ltr'>inte</span> <span class='ocrx_word' id='word_1_179' title='bbox 732 3336 855 3397; x_wconf 84' lang='lat' dir='ltr'>sanctae</span> <span class='ocrx_word' id='word_1_180' title='bbox 878 3333 1165 3419; x_wconf 88' lang='lat' dir='ltr'>contemplationis</span> <span class='ocrx_word' id='word_1_181' title='bbox 1188 3339 1294 3404; x_wconf 87' lang='lat' dir='ltr'>otium</span> <span class='ocrx_word' id='word_1_182' title='bbox 1316 3341 1479 3429; x_wconf 89' lang='lat' dir='ltr'>impediri,</span> 
     </span>
     <span class='ocr_line' id='line_1_26' title="bbox 255 3389 1478 3520; baseline 0.018 -28"><span class='ocrx_word' id='word_1_183' title='bbox 255 3389 384 3520; x_wconf 59' lang='lat' dir='ltr'>ppffipe.</span> <span class='ocrx_word' id='word_1_184' title='bbox 428 3428 572 3496; x_wconf 84' lang='lat' dir='ltr'>eximere</span> <span class='ocrx_word' id='word_1_185' title='bbox 606 3435 641 3496; x_wconf 89' lang='lat' dir='ltr'>te</span> <span class='ocrx_word' id='word_1_186' title='bbox 673 3450 694 3496; x_wconf 90' lang='lat' dir='ltr'>a</span> <span class='ocrx_word' id='word_1_187' title='bbox 724 3432 991 3500; x_wconf 86' lang='lat' dir='ltr'>commissionum</span> <span class='ocrx_word' id='word_1_188' title='bbox 1028 3439 1217 3502; x_wconf 85' lang='lat' dir='ltr'>nostrarum</span> <span class='ocrx_word' id='word_1_189' title='bbox 1255 3441 1478 3514; x_wconf 89' lang='lat' dir='ltr'>sollicitudine</span> 
     </span>
     <span class='ocr_line' id='line_1_27' title="bbox 259 3521 1476 3633; baseline 0.012 -38"><span class='ocrx_word' id='word_1_190' title='bbox 259 3521 365 3588; x_wconf 52' lang='lat'><strong>[¹²²⁴]</strong></span> <span class='ocrx_word' id='word_1_191' title='bbox 428 3531 648 3617; x_wconf 84' lang='lat' dir='ltr'>dignaremur.</span> <span class='ocrx_word' id='word_1_192' title='bbox 694 3531 765 3599; x_wconf 91' lang='lat' dir='ltr'>Nos</span> <span class='ocrx_word' id='word_1_193' title='bbox 788 3555 865 3622; x_wconf 89' lang='lat' dir='ltr'>ergo</span> <span class='ocrx_word' id='word_1_194' title='bbox 888 3536 956 3601; x_wconf 86' lang='lat' dir='ltr'>tuis</span> <span class='ocrx_word' id='word_1_195' title='bbox 978 3539 1129 3623; x_wconf 89' lang='lat' dir='ltr'>precibus</span> <span class='ocrx_word' id='word_1_196' title='bbox 1152 3541 1311 3623; x_wconf 87' lang='lat' dir='ltr'>inclinati,</span> <span class='ocrx_word' id='word_1_197' title='bbox 1335 3569 1476 3633; x_wconf 65' lang='lat' dir='ltr'>praesen-</span> 
     </span>
     <span class='ocr_line' id='line_1_28' title="bbox 427 3633 1477 3729; baseline 0.021 -32"><span class='ocrx_word' id='word_1_198' title='bbox 427 3633 512 3698; x_wconf 89' lang='lat' dir='ltr'>tium</span> <span class='ocrx_word' id='word_1_199' title='bbox 535 3635 600 3700; x_wconf 87' lang='lat' dir='ltr'>tibi</span> <span class='ocrx_word' id='word_1_200' title='bbox 621 3636 820 3704; x_wconf 86' lang='lat' dir='ltr'>auctoritate</span> <span class='ocrx_word' id='word_1_201' title='bbox 842 3639 1058 3722; x_wconf 87' lang='lat' dir='ltr'>concedimus,</span> <span class='ocrx_word' id='word_1_202' title='bbox 1081 3663 1124 3707; x_wconf 92' lang='lat' dir='ltr'>ne</span> <span class='ocrx_word' id='word_1_203' title='bbox 1154 3665 1213 3729; x_wconf 91' lang='lat' dir='ltr'>per</span> <span class='ocrx_word' id='word_1_204' title='bbox 1236 3650 1477 3718; x_wconf 86' lang='lat' dir='ltr'>commissiones</span> 
     </span>
     <span class='ocr_line' id='line_1_29' title="bbox 425 3739 1477 3840; baseline 0.02 -40"><span class='ocrx_word' id='word_1_205' title='bbox 425 3741 554 3802; x_wconf 85' lang='lat' dir='ltr'>nostras</span> <span class='ocrx_word' id='word_1_206' title='bbox 577 3757 659 3822; x_wconf 83' lang='lat' dir='ltr'>quae</span> <span class='ocrx_word' id='word_1_207' title='bbox 689 3739 733 3804; x_wconf 89' lang='lat' dir='ltr'>ad</span> <span class='ocrx_word' id='word_1_208' title='bbox 764 3743 798 3804; x_wconf 94' lang='lat' dir='ltr'>te</span> <span class='ocrx_word' id='word_1_209' title='bbox 821 3739 981 3808; x_wconf 82' lang='lat' dir='ltr'>decaetero</span> <span class='ocrx_word' id='word_1_210' title='bbox 1003 3742 1175 3829; x_wconf 84' lang='lat' dir='ltr'>impetrari</span> <span class='ocrx_word' id='word_1_211' title='bbox 1197 3750 1382 3837; x_wconf 88' lang='lat' dir='ltr'>contigerit,</span> <span class='ocrx_word' id='word_1_212' title='bbox 1403 3773 1477 3840; x_wconf 92' lang='lat' dir='ltr'>pro-</span> 
     </span>
     <span class='ocr_line' id='line_1_30' title="bbox 425 3838 1477 3933; baseline 0.02 -31"><span class='ocrx_word' id='word_1_213' title='bbox 425 3838 538 3904; x_wconf 90' lang='lat' dir='ltr'>cedere</span> <span class='ocrx_word' id='word_1_214' title='bbox 560 3841 713 3919; x_wconf 87' lang='lat' dir='ltr'>tenearis,</span> <span class='ocrx_word' id='word_1_215' title='bbox 735 3840 801 3906; x_wconf 90' lang='lat' dir='ltr'>nisi</span> <span class='ocrx_word' id='word_1_216' title='bbox 824 3843 864 3908; x_wconf 92' lang='lat' dir='ltr'>de</span> <span class='ocrx_word' id='word_1_217' title='bbox 894 3843 1104 3931; x_wconf 81' lang='lat' dir='ltr'>indulgentia</span> <span class='ocrx_word' id='word_1_218' title='bbox 1125 3847 1317 3933; x_wconf 90' lang='lat' dir='ltr'>hujusmodi</span> <span class='ocrx_word' id='word_1_219' title='bbox 1338 3854 1477 3922; x_wconf 85' lang='lat' dir='ltr'>fecerint</span> 
     </span>
     <span class='ocr_line' id='line_1_31' title="bbox 424 3941 1474 4031; baseline 0.022 -28"><span class='ocrx_word' id='word_1_220' title='bbox 424 3941 634 4007; x_wconf 89' lang='lat' dir='ltr'>mentionem.</span> <span class='ocrx_word' id='word_1_221' title='bbox 682 3943 777 4008; x_wconf 91' lang='lat' dir='ltr'>Nulli</span> <span class='ocrx_word' id='word_1_222' title='bbox 800 3965 877 4031; x_wconf 90' lang='lat' dir='ltr'>ergo</span> <span class='ocrx_word' id='word_1_223' title='bbox 907 3947 1042 4013; x_wconf 89' lang='lat' dir='ltr'>omnino</span> <span class='ocrx_word' id='word_1_224' title='bbox 1072 3949 1246 4017; x_wconf 89' lang='lat' dir='ltr'>hominum</span> <span class='ocrx_word' id='word_1_225' title='bbox 1268 3953 1368 4022; x_wconf 91' lang='lat' dir='ltr'>liceat</span> <span class='ocrx_word' id='word_1_226' title='bbox 1389 3959 1474 4028; x_wconf 84' lang='lat' dir='ltr'>hanc</span> 
     </span>
     <span class='ocr_line' id='line_1_32' title="bbox 424 4042 1472 4139; baseline 0.02 -32"><span class='ocrx_word' id='word_1_227' title='bbox 424 4042 579 4128; x_wconf 88' lang='lat' dir='ltr'>paginam</span> <span class='ocrx_word' id='word_1_228' title='bbox 612 4050 736 4111; x_wconf 76' lang='lat' dir='ltr'>nostrae</span> <span class='ocrx_word' id='word_1_229' title='bbox 768 4047 985 4114; x_wconf 85' lang='lat' dir='ltr'>concessionis</span> <span class='ocrx_word' id='word_1_230' title='bbox 1019 4050 1209 4139; x_wconf 84' lang='lat' dir='ltr'>infringere,</span> <span class='ocrx_word' id='word_1_231' title='bbox 1242 4056 1296 4122; x_wconf 86' lang='lat' dir='ltr'>vel</span> <span class='ocrx_word' id='word_1_232' title='bbox 1330 4060 1362 4123; x_wconf 92' lang='lat' dir='ltr'>ei</span> <span class='ocrx_word' id='word_1_233' title='bbox 1391 4081 1472 4127; x_wconf 86' lang='lat' dir='ltr'>ausu</span> 
     </span>
     <span class='ocr_line' id='line_1_33' title="bbox 424 4145 1473 4247; baseline 0.022 -40"><span class='ocrx_word' id='word_1_234' title='bbox 424 4145 597 4210; x_wconf 88' lang='lat' dir='ltr'>temerario</span> <span class='ocrx_word' id='word_1_235' title='bbox 631 4147 802 4214; x_wconf 85' lang='lat' dir='ltr'>contraire.</span> <span class='ocrx_word' id='word_1_236' title='bbox 850 4149 887 4216; x_wconf 82' lang='lat' dir='ltr'>si</span> <span class='ocrx_word' id='word_1_237' title='bbox 922 4151 996 4236; x_wconf 91' lang='lat' dir='ltr'>quis</span> <span class='ocrx_word' id='word_1_238' title='bbox 1028 4159 1141 4219; x_wconf 89' lang='lat' dir='ltr'>autem</span> <span class='ocrx_word' id='word_1_239' title='bbox 1179 4155 1241 4224; x_wconf 88' lang='lat' dir='ltr'>hoo</span> <span class='ocrx_word' id='word_1_240' title='bbox 1275 4163 1473 4247; x_wconf 84' lang='lat' dir='ltr'>attemptare</span> 
     </span>
     <span class='ocr_line' id='line_1_34' title="bbox 423 4248 1473 4341; baseline 0.019 -30"><span class='ocrx_word' id='word_1_241' title='bbox 423 4248 677 4333; x_wconf 85' lang='lat' dir='ltr'>praesumpsen&#39;t,</span> <span class='ocrx_word' id='word_1_242' title='bbox 694 4249 958 4336; x_wconf 83' lang='lat' dir='ltr'>indignationem</span> <span class='ocrx_word' id='word_1_243' title='bbox 974 4255 1210 4341; x_wconf 90' lang='lat' dir='ltr'>omnipotentis</span> <span class='ocrx_word' id='word_1_244' title='bbox 1227 4259 1290 4325; x_wconf 92' lang='lat' dir='ltr'>Dei</span> <span class='ocrx_word' id='word_1_245' title='bbox 1305 4267 1340 4327; x_wconf 89' lang='lat' dir='ltr'>et</span> <span class='ocrx_word' id='word_1_246' title='bbox 1362 4264 1473 4331; x_wconf 87' lang='lat' dir='ltr'>beato·</span> 
     </span>
     <span class='ocr_line' id='line_1_35' title="bbox 423 4353 1473 4450; baseline 0.019 -32"><span class='ocrx_word' id='word_1_247' title='bbox 423 4375 498 4418; x_wconf 87' lang='lat' dir='ltr'>rum</span> <span class='ocrx_word' id='word_1_248' title='bbox 521 4353 612 4420; x_wconf 88' lang='lat' dir='ltr'>Petri</span> <span class='ocrx_word' id='word_1_249' title='bbox 635 4360 670 4420; x_wconf 90' lang='lat' dir='ltr'>et</span> <span class='ocrx_word' id='word_1_250' title='bbox 704 4355 810 4436; x_wconf 87' lang='lat' dir='ltr'>Pauli,</span> <span class='ocrx_word' id='word_1_251' title='bbox 833 4359 1056 4445; x_wconf 89' lang='lat' dir='ltr'>apostolorum</span> <span class='ocrx_word' id='word_1_252' title='bbox 1091 4363 1181 4450; x_wconf 85' lang='lat' dir='ltr'>Ejus,</span> <span class='ocrx_word' id='word_1_253' title='bbox 1205 4387 1239 4432; x_wconf 91' lang='lat' dir='ltr'>se</span> <span class='ocrx_word' id='word_1_254' title='bbox 1270 4371 1403 4437; x_wconf 85' lang='lat' dir='ltr'>noverit</span> <span class='ocrx_word' id='word_1_255' title='bbox 1423 4373 1473 4437; x_wconf 90' lang='lat' dir='ltr'>in-</span> 
     </span>
     <span class='ocr_line' id='line_1_36' title="bbox 423 4477 603 4524; baseline 0.011 -2"><span class='ocrx_word' id='word_1_256' title='bbox 423 4477 603 4524; x_wconf 89' lang='lat' dir='ltr'>cursurum.</span> 
     </span>
    </p>
   </div>
   <div class='ocr_carea' id='block_1_4' title="bbox 754 4704 1194 4770">
    <p class='ocr_par' dir='ltr' id='par_1_4' title="bbox 754 4704 1194 4770">
     <span class='ocr_line' id='line_1_37' title="bbox 754 4704 1194 4770; baseline 0.023 -11"><span class='ocrx_word' id='word_1_257' title='bbox 754 4704 862 4762; x_wconf 86' lang='lat' dir='ltr'>¹.&#39;l&#39;hese</span> <span class='ocrx_word' id='word_1_258' title='bbox 873 4727 916 4764; x_wconf 85' lang='lat' dir='ltr'>are</span> <span class='ocrx_word' id='word_1_259' title='bbox 928 4711 954 4763; x_wconf 91' lang='lat' dir='ltr'>in</span> <span class='ocrx_word' id='word_1_260' title='bbox 964 4729 979 4766; x_wconf 84' lang='lat' dir='ltr'>a</span> <span class='ocrx_word' id='word_1_261' title='bbox 991 4713 1107 4767; x_wconf 84' lang='lat' dir='ltr'>different</span> <span class='ocrx_word' id='word_1_262' title='bbox 1118 4715 1194 4770; x_wconf 79' lang='lat' dir='ltr'>band.</span> 
     </span>
    </p>
   </div>
   <div class='ocr_carea' id='block_1_5' title="bbox 0 0 1766 5808">
    <p class='ocr_par' dir='ltr' id='par_1_5' title="bbox 0 0 1766 5808">
     <span class='ocr_line' id='line_1_38' title="bbox 0 0 1766 5808; baseline 0 5"><span class='ocrx_word' id='word_1_263' title='bbox 0 0 1766 5808; x_wconf 95' lang='lat' dir='ltr'> </span> 
     </span>
    </p>
   </div>
  </div>
 </body>
</html>
