3578 5808
419 885 460 951 96
672 892 871 944 anmauauu
894 889 1217 940 numasnunmnan

419 1083 636 1157 lendinorum,
659 1101 734 1148 eum
758 1079 865 1144 tribua
887 1077 1060 1164 pmticatia
1083 1082 1181 1142 terrea
1211 1075 1472 1163 praenominatis,

418 1206 493 1252 cum
516 1184 660 1250 moltura
682 1171 832 1249 omnium
854 1178 1029 1246 hominum
1056 1199 1215 1259 meorum,
1238 1183 1372 1244 etcum
1402 1198 1472 1243 om·

416 1288 515 1353 nibus
537 1287 612 1354 aliis
627 1286 733 1363 rebus,
757 1284 968 1352 libertatibus
990 1288 1027 1348 et
1041 1282 1154 1349 liberis
1170 1281 1473 1360 consuetudinibus,

416 1392 459 1456 ad
495 1389 655 1477 praedicta
693 1380 891 1472 molendina
915 1385 1028 1471 aliquo
1067 1385 1165 1452 modo
1203 1384 1470 1472 pertinentibua;

418 1492 585 1581 praedictis
608 1490 724 1558 abbati
747 1494 782 1556 et
804 1489 994 1570 conventui,
1018 1494 1053 1554 et
1077 1509 1192 1554 eorum
1224 1487 1471 1567 successoribus,

416 1597 520 1662 libere
543 1600 577 1662 et
599 1594 719 1680 quiete,
742 1593 871 1680 integre
897 1598 932 1660 et
963 1591 1107 1679 pacifice,
1137 1590 1213 1678 jure
1247 1590 1473 1658 elemosinario

418 1700 675 1784 imperpetuum.
806 1732 811 1741 ·

464 1799 508 1866 Et
530 1821 590 1885 ego
605 1799 753 1884 Rogems
777 1803 811 1863 et
833 1795 971 1862 heredes
993 1796 1059 1860 mei
1081 1795 1245 1882 praedicta
1261 1795 1328 1872 duo
1350 1795 1474 1862 molen·

420 1903 499 1968 dina
528 1923 602 1968 cum
636 1899 741 1967 crofta
778 1899 845 1978 ille,
878 1919 953 1984 quoe
987 1903 1126 1966 vocatur
1167 1897 1371 1984 Mutecooflo,
1401 1919 1475 1964 cum

420 2004 548 2070 duobus
577 2002 735 2090 pratellis
767 2023 843 2088 quae
881 2005 1044 2067 vocantur
1081 1999 1408 2087 ffrooaleyoaaam
1442 2005 1476 2066 et

420 2105 602 2183 Maletum,
622 2127 701 2172 cum
738 2103 842 2170 libera
875 2102 1024 2190 piscano,
1047 2108 1183 2169 etcum
1208 2102 1475 2169 bedomolendi-

387 2287 390 2293 ¹
420 2227 548 2286 norum,
572 2213 606 2274 ot
631 2229 709 2279 oum
732 2207 840 2273 tribus
872 2205 1047 2292 perticatis
1079 2211 1187 2284 terrae,
1219 2227 1295 2272 cum
1332 2206 1476 2274 moltura

416 2295 568 2378 'omnium
591 2311 765 2378 hominum
780 2330 936 2388 meorum,
954 2313 988 2378 et
1010 2330 1086 2374 cum
1102 2309 1257 2374 omnibus
1271 2308 1347 2375 aliis
1368 2311 1476 2382 rebus,

420 2414 642 2492 liheitatibua
675 2419 709 2479 et
741 2411 855 2480 liberis
892 2411 1198 2490 consuetudinibus,
1236 2411 1280 2478 ed
1317 2413 1476 2498 praedicta

420 2517 610 2584 molendina
630 2516 861 2602 aliquomodo
883 2513 1136 2601 pertinentibus,
1164 2514 1331 2601 predictis
1362 2516 1476 2582 abbati

420 2627 455 2686 et
492 2619 671 2687 conventui
708 2625 743 2685 et
789 2640 901 2685 eorum
938 2618 1176 2684 successoribus
1212 2623 1329 2684 contra
1365 2639 1477 2686 omnes

420 2722 575 2788 mortales
608 2723 853 2810 imperpetuum
885 2720 1184 2798 warantizabimus,
1217 2720 1477 2806 acquietabimus

421 2829 456 2890 et
478 2823 696 2890 defendemus.

465 2927 510 2993 Et
532 2932 573 2993 ut
593 2925 664 2994 haec
687 2949 761 2994 mea
783 2925 918 2992 donatio
943 2931 978 2992 et
1000 2925 1164 2992 concessio
1186 2926 1289 2992 robur
1309 2929 1475 3013 perpetui·

421 3030 503 3096 tatis
523 3030 708 3116 optineant,
731 3030 818 3096 hanc
834 3035 959 3096 cartam
976 3029 1100 3095 eisdem
1114 3028 1230 3094 abbati
1246 3032 1281 3093 et
1295 3031 1473 3095 conventui

421 3131 494 3210 feci,
518 3137 553 3198 et
575 3131 684 3218 sigillo
707 3152 780 3199 meo
803 3132 941 3218 signavi.
989 3131 1067 3196 Hiis
1090 3130 1240 3207 testibus,
1263 3134 1322 3196 etc.

777 3459 858 3526 CAP.
883 3457 1122 3526 CCXXXIIII.

429 3599 478 3666 De
501 3607 682 3669 tenemento
705 3609 735 3668 et
757 3609 848 3670 torro
875 3601 959 3669 doto
980 3601 1120 3669 Robeoto
1143 3601 1296 3670 audaci
1330 3603 1373 3669 im
1395 3603 1479 3671 oilla
1597 3573 1601 3580 ι

843 3704 883 3772 oe
909 3703 1054 3772 Uolcente.

467 3848 582 3915 Sciant
604 3855 782 3936 praesentes
806 3855 840 3914 et
872 3849 979 3914 futnn'
1006 3850 1098 3936 quod
1130 3870 1191 3937 ego
1223 3851 1389 3937 Margiria,
1412 3849 1481 3915 filia

421 3952 589 4038 quondam
613 3951 787 4038 Gyleberti
811 3951 905 4018 Perei
929 3953 970 4018 de
994 3951 1140 4031 Ooleme,
1163 3952 1250 4030 dedi,
1273 3954 1425 4031 concessi,
1447 3958 1482 4018 et

421 4055 578 4140 praesenti
617 4059 709 4121 carta
743 4075 817 4120 mea
849 4054 1052 4132 confirmavi,
1087 4053 1233 4120 Roberto
1265 4055 1409 4121 Eddrich
1442 4055 1481 4120 da

421 4157 621 4244 Ledeyarde,
637 4179 697 4244 pro
719 4157 857 4223 servicio
873 4178 933 4223 auo
948 4157 984 4221 in
999 4156 1094 4222 feodo
1110 4161 1145 4222 et
1166 4156 1358 4235 hereditate,
1376 4162 1483 4223 totum

419 4264 650 4326 tenementum
686 4281 797 4326 meum
833 4261 871 4324 in
893 4258 975 4326 villa
998 4259 1039 4324 de
1063 4257 1210 4336 Coleme,
1243 4280 1319 4326 oum
1343 4265 1415 4326 orto
1450 4266 1484 4326 ot

420 4362 634 4450 pertinentiis
666 4362 821 4428 omnibus
854 4362 978 4428 eisdem
1011 4360 1379 4448 expectantibua‚1una
1409 4384 1484 4429 cum

420 4471 547 4553 septem
570 4465 654 4532 acris
669 4470 704 4530 et
727 4464 866 4530 dimidia
882 4472 979 4530 terra
995 4463 1138 4542 arabilis,
1153 4464 1215 4530 sub
1228 4463 1367 4531 culturis
1382 4465 1483 4530 va1iis

420 4569 457 4633 in
488 4567 612 4654 oampia
645 4567 745 4633 dictae
777 4566 868 4632 villae
902 4566 1138 4652 adjacentibus,
1174 4587 1315 4652 quarum
1350 4567 1483 4652 quidem

1100 4726 1118 4730 ..
1131 4725 1341 4732 --m-«n--.-
1352 4725 1376 4731 ω
1387 4727 1399 4730 -

862 4806 870 4840 ¹
888 4806 931 4860 Sic
945 4806 971 4856 in
985 4806 1042 4858 MS.
