<?xml version="1.0" encoding="UTF-8"?>
<!DOCTYPE html PUBLIC "-//W3C//DTD XHTML 1.0 Transitional//EN"
    "http://www.w3.org/TR/xhtml1/DTD/xhtml1-transitional.dtd">
<html xmlns="http://www.w3.org/1999/xhtml" xml:lang="en" lang="en">
 <head>
  <title>
</title>
<meta http-equiv="Content-Type" content="text/html;charset=utf-8" />
  <meta name='ocr-system' content='tesseract 3.04.00' />
  <meta name='ocr-capabilities' content='ocr_page ocr_carea ocr_par ocr_line ocrx_word'/>
</head>
<body>
  <div class='ocr_page' id='page_1' title='image "./registrummalmes00martgoog_0350.png"; bbox 0 0 3526 5810; ppageno 0'>
   <div class='ocr_carea' id='block_1_1' title="bbox 281 1389 423 1642">
    <p class='ocr_par' dir='ltr' id='par_1_1' title="bbox 281 1389 423 1642">
     <span class='ocr_line' id='line_1_1' title="bbox 286 1389 406 1443; baseline 0.008 -1"><span class='ocrx_word' id='word_1_1' title='bbox 286 1389 368 1442; x_wconf 70' lang='lat' dir='ltr'><strong>arant</strong></span> <span class='ocrx_word' id='word_1_2' title='bbox 379 1398 406 1443; x_wconf 84' lang='lat' dir='ltr'><strong>to</strong></span> 
     </span>
     <span class='ocr_line' id='line_1_2' title="bbox 284 1456 423 1523; baseline 0.029 -17"><span class='ocrx_word' id='word_1_3' title='bbox 284 1456 328 1507; x_wconf 82' lang='lat' dir='ltr'><strong>tha</strong></span> <span class='ocrx_word' id='word_1_4' title='bbox 338 1459 423 1523; x_wconf 81' lang='lat' dir='ltr'><strong>abbey</strong></span> 
     </span>
     <span class='ocr_line' id='line_1_3' title="bbox 282 1523 420 1576; baseline 0.036 -4"><span class='ocrx_word' id='word_1_5' title='bbox 282 1523 381 1576; x_wconf 75' lang='lat' dir='ltr'><strong>oilsnd</strong></span> <span class='ocrx_word' id='word_1_6' title='bbox 392 1533 420 1576; x_wconf 79' lang='lat' dir='ltr'><strong>at</strong></span> 
     </span>
     <span class='ocr_line' id='line_1_4' title="bbox 281 1587 387 1642; baseline 0.047 -4"><span class='ocrx_word' id='word_1_7' title='bbox 281 1587 387 1642; x_wconf 80' lang='lat' dir='ltr'><strong>Purton.</strong></span> 
     </span>
    </p>
   </div>
   <div class='ocr_carea' id='block_1_2' title="bbox 458 827 1249 896">
    <p class='ocr_par' dir='ltr' id='par_1_2' title="bbox 458 827 1249 896">
     <span class='ocr_line' id='line_1_5' title="bbox 458 827 1249 896; baseline 0.004 -7"><span class='ocrx_word' id='word_1_8' title='bbox 458 827 522 892; x_wconf 73' lang='lat'><strong>256</strong></span> <span class='ocrx_word' id='word_1_9' title='bbox 709 843 906 894; x_wconf 78' lang='lat' dir='ltr'><strong>rnorsrenu</strong></span> <span class='ocrx_word' id='word_1_10' title='bbox 929 843 1249 896; x_wconf 75' lang='lat' dir='ltr'><strong>umnrsrummsn</strong></span> 
     </span>
    </p>
   </div>
   <div class='ocr_carea' id='block_1_3' title="bbox 703 1091 1222 1336">
    <p class='ocr_par' dir='ltr' id='par_1_3' title="bbox 703 1091 1222 1336">
     <span class='ocr_line' id='line_1_6' title="bbox 814 1091 1134 1158; baseline 0 0"><span class='ocrx_word' id='word_1_11' title='bbox 814 1091 893 1158; x_wconf 79' lang='lat' dir='ltr'>OAP.</span> <span class='ocrx_word' id='word_1_12' title='bbox 918 1091 1134 1158; x_wconf 83' lang='lat' dir='ltr'>CCCLXXV.</span> 
     </span>
     <span class='ocr_line' id='line_1_7' title="bbox 703 1237 1222 1336; baseline 0.004 -34"><span class='ocrx_word' id='word_1_13' title='bbox 703 1331 705 1336; x_wconf 14' lang='grc' dir='ltr'><strong><em>Α</em></strong></span> <span class='ocrx_word' id='word_1_14' title='bbox 731 1238 835 1305; x_wconf 70' lang='lat' dir='ltr'><strong>Carta</strong></span> <span class='ocrx_word' id='word_1_15' title='bbox 856 1238 1015 1304; x_wconf 73' lang='lat' dir='ltr'><strong>Eudemia</strong></span> <span class='ocrx_word' id='word_1_16' title='bbox 1038 1239 1066 1305; x_wconf 79' lang='lat' dir='ltr'><strong>le</strong></span> <span class='ocrx_word' id='word_1_17' title='bbox 1087 1237 1222 1304; x_wconf 72' lang='lat' dir='ltr'><strong>Areten</strong></span> 
     </span>
    </p>
   </div>
   <div class='ocr_carea' id='block_1_4' title="bbox 449 1384 1502 1986">
    <p class='ocr_par' dir='ltr' id='par_1_4' title="bbox 449 1384 1502 1986">
     <span class='ocr_line' id='line_1_8' title="bbox 497 1384 1500 1476; baseline -0.005 -23"><span class='ocrx_word' id='word_1_18' title='bbox 497 1387 612 1454; x_wconf 79' lang='lat' dir='ltr'><strong>Sciant</strong></span> <span class='ocrx_word' id='word_1_19' title='bbox 633 1395 811 1475; x_wconf 79' lang='lat' dir='ltr'><strong>praesentes</strong></span> <span class='ocrx_word' id='word_1_20' title='bbox 834 1397 868 1455; x_wconf 90' lang='lat' dir='ltr'><strong>et</strong></span> <span class='ocrx_word' id='word_1_21' title='bbox 889 1391 995 1456; x_wconf 86' lang='lat' dir='ltr'><strong>futuri</strong></span> <span class='ocrx_word' id='word_1_22' title='bbox 1018 1389 1107 1476; x_wconf 89' lang='lat' dir='ltr'><strong>quod</strong></span> <span class='ocrx_word' id='word_1_23' title='bbox 1130 1411 1190 1476; x_wconf 86' lang='lat' dir='ltr'><strong>ego</strong></span> <span class='ocrx_word' id='word_1_24' title='bbox 1212 1389 1307 1453; x_wconf 87' lang='lat' dir='ltr'><strong>Eudo</strong></span> <span class='ocrx_word' id='word_1_25' title='bbox 1321 1386 1352 1452; x_wconf 95' lang='lat' dir='ltr'><strong>le</strong></span> <span class='ocrx_word' id='word_1_26' title='bbox 1368 1384 1500 1460; x_wconf 78' lang='lat' dir='ltr'><strong>Areber,</strong></span> 
     </span>
     <span class='ocr_line' id='line_1_9' title="bbox 450 1485 1500 1576; baseline 0 -24"><span class='ocrx_word' id='word_1_27' title='bbox 450 1487 539 1554; x_wconf 87' lang='lat' dir='ltr'><strong>filius</strong></span> <span class='ocrx_word' id='word_1_28' title='bbox 574 1492 741 1576; x_wconf 85' lang='lat' dir='ltr'><strong>quondam</strong></span> <span class='ocrx_word' id='word_1_29' title='bbox 776 1493 914 1558; x_wconf 86' lang='lat' dir='ltr'><strong>Roberti</strong></span> <span class='ocrx_word' id='word_1_30' title='bbox 950 1493 980 1558; x_wconf 90' lang='lat' dir='ltr'><strong>le</strong></span> <span class='ocrx_word' id='word_1_31' title='bbox 1015 1492 1150 1570; x_wconf 79' lang='lat' dir='ltr'><strong>Archer,</strong></span> <span class='ocrx_word' id='word_1_32' title='bbox 1184 1491 1224 1556; x_wconf 89' lang='lat' dir='ltr'><strong>de</strong></span> <span class='ocrx_word' id='word_1_33' title='bbox 1261 1485 1500 1562; x_wconf 86' lang='lat' dir='ltr'><strong>Northlidiard,</strong></span> 
     </span>
     <span class='ocr_line' id='line_1_10' title="bbox 450 1589 1500 1681; baseline -0.003 -26"><span class='ocrx_word' id='word_1_34' title='bbox 450 1591 535 1668; x_wconf 92' lang='lat' dir='ltr'><strong>dedi,</strong></span> <span class='ocrx_word' id='word_1_35' title='bbox 558 1593 708 1670; x_wconf 78' lang='lat' dir='ltr'>concessi,</span> <span class='ocrx_word' id='word_1_36' title='bbox 732 1603 767 1658; x_wconf 87' lang='lat' dir='ltr'><strong>et</strong></span> <span class='ocrx_word' id='word_1_37' title='bbox 800 1594 862 1659; x_wconf 85' lang='lat' dir='ltr'><strong>hae</strong></span> <span class='ocrx_word' id='word_1_38' title='bbox 895 1595 1051 1681; x_wconf 75' lang='lat' dir='ltr'><strong>praesenti</strong></span> <span class='ocrx_word' id='word_1_39' title='bbox 1084 1599 1174 1660; x_wconf 84' lang='lat' dir='ltr'><strong>carta</strong></span> <span class='ocrx_word' id='word_1_40' title='bbox 1196 1613 1270 1657; x_wconf 88' lang='lat' dir='ltr'><strong>mea</strong></span> <span class='ocrx_word' id='word_1_41' title='bbox 1300 1589 1500 1664; x_wconf 81' lang='lat' dir='ltr'><strong>confirmavi,</strong></span> 
     </span>
     <span class='ocr_line' id='line_1_11' title="bbox 450 1690 1501 1778; baseline -0.002 -22"><span class='ocrx_word' id='word_1_42' title='bbox 450 1690 521 1757; x_wconf 89' lang='lat' dir='ltr'><strong>Deo</strong></span> <span class='ocrx_word' id='word_1_43' title='bbox 552 1698 587 1758; x_wconf 89' lang='lat' dir='ltr'><strong>et</strong></span> <span class='ocrx_word' id='word_1_44' title='bbox 620 1693 763 1760; x_wconf 79' lang='lat' dir='ltr'><strong>eeclesiae</strong></span> <span class='ocrx_word' id='word_1_45' title='bbox 800 1695 897 1761; x_wconf 89' lang='lat' dir='ltr'><strong>Beati</strong></span> <span class='ocrx_word' id='word_1_46' title='bbox 930 1695 1077 1760; x_wconf 91' lang='lat' dir='ltr'><strong>Aldelmi</strong></span> <span class='ocrx_word' id='word_1_47' title='bbox 1108 1696 1149 1760; x_wconf 92' lang='lat' dir='ltr'><strong>de</strong></span> <span class='ocrx_word' id='word_1_48' title='bbox 1187 1693 1429 1778; x_wconf 84' lang='lat' dir='ltr'><strong>Malmesburia,</strong></span> <span class='ocrx_word' id='word_1_49' title='bbox 1466 1697 1501 1754; x_wconf 87' lang='lat' dir='ltr'><strong>et</strong></span> 
     </span>
     <span class='ocr_line' id='line_1_12' title="bbox 449 1794 1502 1880; baseline -0.003 -22"><span class='ocrx_word' id='word_1_50' title='bbox 449 1794 592 1880; x_wconf 90' lang='lat' dir='ltr'><strong>dompno</strong></span> <span class='ocrx_word' id='word_1_51' title='bbox 615 1795 782 1862; x_wconf 89' lang='lat' dir='ltr'><strong>Willelmo</strong></span> <span class='ocrx_word' id='word_1_52' title='bbox 805 1797 930 1876; x_wconf 86' lang='lat' dir='ltr'><strong>abbati,</strong></span> <span class='ocrx_word' id='word_1_53' title='bbox 946 1803 979 1863; x_wconf 88' lang='lat' dir='ltr'><strong>et</strong></span> <span class='ocrx_word' id='word_1_54' title='bbox 998 1797 1167 1863; x_wconf 83' lang='lat' dir='ltr'><strong>monachis</strong></span> <span class='ocrx_word' id='word_1_55' title='bbox 1190 1796 1313 1861; x_wconf 89' lang='lat' dir='ltr'><strong>ibidem</strong></span> <span class='ocrx_word' id='word_1_56' title='bbox 1345 1794 1416 1858; x_wconf 91' lang='lat' dir='ltr'><strong>Deo</strong></span> <span class='ocrx_word' id='word_1_57' title='bbox 1438 1814 1502 1857; x_wconf 86' lang='lat' dir='ltr'><strong>ser-</strong></span> 
     </span>
     <span class='ocr_line' id='line_1_13' title="bbox 449 1895 1501 1986; baseline -0.002 -26"><span class='ocrx_word' id='word_1_58' title='bbox 449 1896 625 1975; x_wconf 88' lang='lat' dir='ltr'><strong>vientibus,</strong></span> <span class='ocrx_word' id='word_1_59' title='bbox 656 1899 691 1962; x_wconf 91' lang='lat' dir='ltr'><strong>in</strong></span> <span class='ocrx_word' id='word_1_60' title='bbox 723 1921 841 1984; x_wconf 90' lang='lat' dir='ltr'><strong>puram</strong></span> <span class='ocrx_word' id='word_1_61' title='bbox 872 1905 907 1964; x_wconf 89' lang='lat' dir='ltr'><strong>et</strong></span> <span class='ocrx_word' id='word_1_62' title='bbox 940 1905 1133 1986; x_wconf 88' lang='lat' dir='ltr'><strong>perpetuam</strong></span> <span class='ocrx_word' id='word_1_63' title='bbox 1167 1898 1386 1975; x_wconf 76' lang='lat' dir='ltr'><strong>elemosinam,</strong></span> <span class='ocrx_word' id='word_1_64' title='bbox 1419 1895 1501 1960; x_wconf 84' lang='lat' dir='ltr'><strong>duas</strong></span> 
     </span>
    </p>
   </div>
   <div class='ocr_carea' id='block_1_5' title="bbox 447 1999 1505 4313">
    <p class='ocr_par' dir='ltr' id='par_1_5' title="bbox 447 1999 1505 4313">
     <span class='ocr_line' id='line_1_14' title="bbox 449 1999 1501 2088; baseline -0.004 -23"><span class='ocrx_word' id='word_1_65' title='bbox 449 2019 539 2064; x_wconf 83' lang='lat' dir='ltr'><strong>aeras</strong></span> <span class='ocrx_word' id='word_1_66' title='bbox 571 2005 668 2066; x_wconf 74' lang='lat' dir='ltr'><strong>terrae</strong></span> <span class='ocrx_word' id='word_1_67' title='bbox 699 2000 833 2066; x_wconf 85' lang='lat' dir='ltr'><strong>arabilis</strong></span> <span class='ocrx_word' id='word_1_68' title='bbox 866 2001 903 2065; x_wconf 91' lang='lat' dir='ltr'><strong>in</strong></span> <span class='ocrx_word' id='word_1_69' title='bbox 935 2001 1057 2088; x_wconf 85' lang='lat' dir='ltr'><strong>eampis</strong></span> <span class='ocrx_word' id='word_1_70' title='bbox 1090 2001 1130 2066; x_wconf 89' lang='lat' dir='ltr'><strong>de</strong></span> <span class='ocrx_word' id='word_1_71' title='bbox 1162 1999 1330 2076; x_wconf 89' lang='lat' dir='ltr'><strong>Puritone,</strong></span> <span class='ocrx_word' id='word_1_72' title='bbox 1361 2019 1501 2084; x_wconf 88' lang='lat' dir='ltr'><strong>quarum</strong></span> 
     </span>
     <span class='ocr_line' id='line_1_15' title="bbox 449 2099 1501 2188; baseline -0.005 -22"><span class='ocrx_word' id='word_1_73' title='bbox 449 2121 516 2166; x_wconf 87' lang='lat' dir='ltr'><strong>una</strong></span> <span class='ocrx_word' id='word_1_74' title='bbox 538 2122 613 2168; x_wconf 83' lang='lat' dir='ltr'><strong>aera</strong></span> <span class='ocrx_word' id='word_1_75' title='bbox 642 2102 733 2186; x_wconf 85' lang='lat' dir='ltr'><strong>jaoet</strong></span> <span class='ocrx_word' id='word_1_76' title='bbox 755 2103 791 2166; x_wconf 93' lang='lat' dir='ltr'><strong>in</strong></span> <span class='ocrx_word' id='word_1_77' title='bbox 812 2109 907 2188; x_wconf 84' lang='lat' dir='ltr'><strong>parte</strong></span> <span class='ocrx_word' id='word_1_78' title='bbox 935 2103 1086 2168; x_wconf 75' lang='lat' dir='ltr'><strong>orientali</strong></span> <span class='ocrx_word' id='word_1_79' title='bbox 1109 2101 1247 2168; x_wconf 74' lang='lat' dir='ltr'><strong>culturae</strong></span> <span class='ocrx_word' id='word_1_80' title='bbox 1270 2101 1350 2166; x_wconf 85' lang='lat' dir='ltr'><strong>dieti</strong></span> <span class='ocrx_word' id='word_1_81' title='bbox 1374 2099 1501 2164; x_wconf 89' lang='lat' dir='ltr'><strong>domini</strong></span> 
     </span>
     <span class='ocr_line' id='line_1_16' title="bbox 447 2201 1501 2290; baseline -0.003 -23"><span class='ocrx_word' id='word_1_82' title='bbox 447 2203 577 2268; x_wconf 87' lang='lat' dir='ltr'><strong>abbatis</strong></span> <span class='ocrx_word' id='word_1_83' title='bbox 599 2205 689 2290; x_wconf 87' lang='lat' dir='ltr'><strong>apud</strong></span> <span class='ocrx_word' id='word_1_84' title='bbox 713 2204 911 2290; x_wconf 84' lang='lat' dir='ltr'><strong>Spersholte,</strong></span> <span class='ocrx_word' id='word_1_85' title='bbox 934 2210 969 2270; x_wconf 84' lang='lat' dir='ltr'><strong>et</strong></span> <span class='ocrx_word' id='word_1_86' title='bbox 991 2227 1059 2270; x_wconf 89' lang='lat' dir='ltr'><strong>una</strong></span> <span class='ocrx_word' id='word_1_87' title='bbox 1079 2226 1156 2270; x_wconf 82' lang='lat' dir='ltr'><strong>acra</strong></span> <span class='ocrx_word' id='word_1_88' title='bbox 1177 2204 1214 2268; x_wconf 89' lang='lat' dir='ltr'><strong>in</strong></span> <span class='ocrx_word' id='word_1_89' title='bbox 1236 2209 1330 2289; x_wconf 86' lang='lat' dir='ltr'><strong>parte</strong></span> <span class='ocrx_word' id='word_1_90' title='bbox 1352 2201 1501 2266; x_wconf 85' lang='lat' dir='ltr'><strong>oeeiden-</strong></span> 
     </span>
     <span class='ocr_line' id='line_1_17' title="bbox 448 2303 1502 2392; baseline -0.004 -23"><span class='ocrx_word' id='word_1_91' title='bbox 448 2304 509 2369; x_wconf 89' lang='lat' dir='ltr'><strong>tali</strong></span> <span class='ocrx_word' id='word_1_92' title='bbox 546 2306 713 2390; x_wconf 77' lang='lat' dir='ltr'><strong>praedictas</strong></span> <span class='ocrx_word' id='word_1_93' title='bbox 750 2306 888 2372; x_wconf 75' lang='lat' dir='ltr'><strong>culturas</strong></span> <span class='ocrx_word' id='word_1_94' title='bbox 926 2306 967 2371; x_wconf 91' lang='lat' dir='ltr'><strong>de</strong></span> <span class='ocrx_word' id='word_1_95' title='bbox 1006 2305 1204 2392; x_wconf 89' lang='lat' dir='ltr'><strong>Spersholte.</strong></span> <span class='ocrx_word' id='word_1_96' title='bbox 1251 2303 1429 2368; x_wconf 80' lang='lat' dir='ltr'><strong>Habendos</strong></span> <span class='ocrx_word' id='word_1_97' title='bbox 1466 2308 1502 2366; x_wconf 89' lang='lat' dir='ltr'><strong>et</strong></span> 
     </span>
     <span class='ocr_line' id='line_1_18' title="bbox 448 2404 1501 2493; baseline -0.003 -23"><span class='ocrx_word' id='word_1_98' title='bbox 448 2407 607 2472; x_wconf 86' lang='lat' dir='ltr'><strong>tenendas</strong></span> <span class='ocrx_word' id='word_1_99' title='bbox 628 2406 803 2493; x_wconf 70' lang='lat' dir='ltr'><strong>praedictas</strong></span> <span class='ocrx_word' id='word_1_100' title='bbox 825 2408 907 2473; x_wconf 87' lang='lat' dir='ltr'><strong>duas</strong></span> <span class='ocrx_word' id='word_1_101' title='bbox 929 2429 1020 2473; x_wconf 84' lang='lat' dir='ltr'><strong>aeras</strong></span> <span class='ocrx_word' id='word_1_102' title='bbox 1044 2413 1140 2472; x_wconf 82' lang='lat' dir='ltr'><strong>terrae</strong></span> <span class='ocrx_word' id='word_1_103' title='bbox 1163 2427 1237 2472; x_wconf 84' lang='lat' dir='ltr'><strong>oum</strong></span> <span class='ocrx_word' id='word_1_104' title='bbox 1258 2405 1410 2469; x_wconf 86' lang='lat' dir='ltr'><strong>omnibus</strong></span> <span class='ocrx_word' id='word_1_105' title='bbox 1432 2404 1501 2468; x_wconf 90' lang='lat' dir='ltr'><strong>suis</strong></span> 
     </span>
     <span class='ocr_line' id='line_1_19' title="bbox 447 2507 1501 2596; baseline -0.005 -22"><span class='ocrx_word' id='word_1_106' title='bbox 447 2510 667 2594; x_wconf 87' lang='lat' dir='ltr'><strong>pertinentiis,</strong></span> <span class='ocrx_word' id='word_1_107' title='bbox 691 2510 857 2596; x_wconf 66' lang='lat' dir='ltr'><strong>pmdietis</strong></span> <span class='ocrx_word' id='word_1_108' title='bbox 888 2509 1002 2575; x_wconf 86' lang='lat' dir='ltr'><strong>abbati</strong></span> <span class='ocrx_word' id='word_1_109' title='bbox 1039 2515 1074 2574; x_wconf 91' lang='lat' dir='ltr'><strong>at</strong></span> <span class='ocrx_word' id='word_1_110' title='bbox 1110 2507 1288 2573; x_wconf 86' lang='lat' dir='ltr'><strong>eonventui</strong></span> <span class='ocrx_word' id='word_1_111' title='bbox 1320 2511 1354 2570; x_wconf 90' lang='lat' dir='ltr'><strong>et</strong></span> <span class='ocrx_word' id='word_1_112' title='bbox 1387 2528 1501 2570; x_wconf 90' lang='lat' dir='ltr'><strong>eorum</strong></span> 
     </span>
     <span class='ocr_line' id='line_1_20' title="bbox 447 2609 1500 2695; baseline -0.001 -20"><span class='ocrx_word' id='word_1_113' title='bbox 447 2612 694 2688; x_wconf 75' lang='lat' dir='ltr'><strong>suecessoribus,</strong></span> <span class='ocrx_word' id='word_1_114' title='bbox 718 2612 759 2676; x_wconf 90' lang='lat' dir='ltr'><strong>de</strong></span> <span class='ocrx_word' id='word_1_115' title='bbox 791 2634 843 2676; x_wconf 90' lang='lat' dir='ltr'><strong>me</strong></span> <span class='ocrx_word' id='word_1_116' title='bbox 875 2617 909 2676; x_wconf 88' lang='lat' dir='ltr'><strong>et</strong></span> <span class='ocrx_word' id='word_1_117' title='bbox 938 2611 1113 2677; x_wconf 82' lang='lat' dir='ltr'><strong>heredibus</strong></span> <span class='ocrx_word' id='word_1_118' title='bbox 1136 2610 1190 2674; x_wconf 90' lang='lat' dir='ltr'><strong>vel</strong></span> <span class='ocrx_word' id='word_1_119' title='bbox 1213 2609 1387 2695; x_wconf 75' lang='lat' dir='ltr'><strong>assignatis</strong></span> <span class='ocrx_word' id='word_1_120' title='bbox 1410 2609 1500 2686; x_wconf 87' lang='lat' dir='ltr'><strong>meis,</strong></span> 
     </span>
     <span class='ocr_line' id='line_1_21' title="bbox 447 2709 1501 2801; baseline -0.002 -25"><span class='ocrx_word' id='word_1_121' title='bbox 447 2713 557 2791; x_wconf 90' lang='lat' dir='ltr'><strong>libere,</strong></span> <span class='ocrx_word' id='word_1_122' title='bbox 592 2715 712 2801; x_wconf 86' lang='lat' dir='ltr'><strong>quiete,</strong></span> <span class='ocrx_word' id='word_1_123' title='bbox 746 2715 829 2779; x_wconf 87' lang='lat' dir='ltr'><strong>bene</strong></span> <span class='ocrx_word' id='word_1_124' title='bbox 861 2720 895 2779; x_wconf 89' lang='lat' dir='ltr'><strong>et</strong></span> <span class='ocrx_word' id='word_1_125' title='bbox 928 2714 965 2779; x_wconf 89' lang='lat' dir='ltr'><strong>in</strong></span> <span class='ocrx_word' id='word_1_126' title='bbox 998 2734 1078 2800; x_wconf 83' lang='lat' dir='ltr'><strong>pase</strong></span> <span class='ocrx_word' id='word_1_127' title='bbox 1112 2713 1363 2798; x_wconf 86' lang='lat' dir='ltr'><strong>imperpetuum.</strong></span> <span class='ocrx_word' id='word_1_128' title='bbox 1413 2709 1501 2775; x_wconf 87' lang='lat' dir='ltr'><strong>Red-</strong></span> 
     </span>
     <span class='ocr_line' id='line_1_22' title="bbox 450 2812 1501 2898; baseline -0.002 -18"><span class='ocrx_word' id='word_1_129' title='bbox 450 2817 556 2881; x_wconf 90' lang='lat' dir='ltr'><strong>dendo</strong></span> <span class='ocrx_word' id='word_1_130' title='bbox 579 2817 656 2882; x_wconf 90' lang='lat' dir='ltr'><strong>inde</strong></span> <span class='ocrx_word' id='word_1_131' title='bbox 679 2817 854 2882; x_wconf 88' lang='lat' dir='ltr'><strong>annuatim</strong></span> <span class='ocrx_word' id='word_1_132' title='bbox 875 2816 958 2880; x_wconf 92' lang='lat' dir='ltr'><strong>mihi</strong></span> <span class='ocrx_word' id='word_1_133' title='bbox 981 2821 1016 2880; x_wconf 87' lang='lat' dir='ltr'><strong>et</strong></span> <span class='ocrx_word' id='word_1_134' title='bbox 1041 2815 1216 2880; x_wconf 87' lang='lat' dir='ltr'><strong>heredibus</strong></span> <span class='ocrx_word' id='word_1_135' title='bbox 1247 2812 1301 2878; x_wconf 86' lang='lat' dir='ltr'><strong>vel</strong></span> <span class='ocrx_word' id='word_1_136' title='bbox 1324 2813 1501 2898; x_wconf 79' lang='lat' dir='ltr'><strong>assignatis</strong></span> 
     </span>
     <span class='ocr_line' id='line_1_23' title="bbox 450 2915 1500 3001; baseline -0.001 -18"><span class='ocrx_word' id='word_1_137' title='bbox 450 2919 541 2998; x_wconf 84' lang='lat' dir='ltr'><strong>meis,</strong></span> <span class='ocrx_word' id='word_1_138' title='bbox 563 2919 607 2984; x_wconf 89' lang='lat' dir='ltr'><strong>ad</strong></span> <span class='ocrx_word' id='word_1_139' title='bbox 640 2919 760 2984; x_wconf 87' lang='lat' dir='ltr'><strong>festum</strong></span> <span class='ocrx_word' id='word_1_140' title='bbox 793 2919 993 2984; x_wconf 85' lang='lat' dir='ltr'><strong>Nativitatis</strong></span> <span class='ocrx_word' id='word_1_141' title='bbox 1025 2917 1121 2983; x_wconf 87' lang='lat' dir='ltr'><strong>Beati</strong></span> <span class='ocrx_word' id='word_1_142' title='bbox 1144 2916 1307 2982; x_wconf 78' lang='lat' dir='ltr'><strong>lobannis</strong></span> <span class='ocrx_word' id='word_1_143' title='bbox 1330 2915 1500 3001; x_wconf 83' lang='lat' dir='ltr'><strong>Baptistae,</strong></span> 
     </span>
     <span class='ocr_line' id='line_1_24' title="bbox 450 3018 1502 3108; baseline -0.002 -22"><span class='ocrx_word' id='word_1_144' title='bbox 450 3043 550 3086; x_wconf 87' lang='lat' dir='ltr'><strong>unam</strong></span> <span class='ocrx_word' id='word_1_145' title='bbox 573 3042 689 3100; x_wconf 89' lang='lat' dir='ltr'><strong>rosam,</strong></span> <span class='ocrx_word' id='word_1_146' title='bbox 704 3027 739 3086; x_wconf 90' lang='lat' dir='ltr'><strong>et</strong></span> <span class='ocrx_word' id='word_1_147' title='bbox 761 3021 959 3108; x_wconf 73' lang='lat' dir='ltr'><strong>capitalibus</strong></span> <span class='ocrx_word' id='word_1_148' title='bbox 982 3021 1123 3086; x_wconf 89' lang='lat' dir='ltr'><strong>dominis</strong></span> <span class='ocrx_word' id='word_1_149' title='bbox 1144 3019 1234 3084; x_wconf 86' lang='lat' dir='ltr'><strong>feodi</strong></span> <span class='ocrx_word' id='word_1_150' title='bbox 1250 3040 1353 3083; x_wconf 90' lang='lat' dir='ltr'><strong>unum</strong></span> <span class='ocrx_word' id='word_1_151' title='bbox 1369 3018 1502 3085; x_wconf 89' lang='lat' dir='ltr'><strong>obolum</strong></span> 
     </span>
     <span class='ocr_line' id='line_1_25' title="bbox 450 3121 1504 3210; baseline 0 -24"><span class='ocrx_word' id='word_1_152' title='bbox 450 3123 486 3186; x_wconf 94' lang='lat' dir='ltr'><strong>in</strong></span> <span class='ocrx_word' id='word_1_153' title='bbox 509 3123 622 3188; x_wconf 91' lang='lat' dir='ltr'><strong>eodem</strong></span> <span class='ocrx_word' id='word_1_154' title='bbox 645 3124 738 3202; x_wconf 85' lang='lat' dir='ltr'><strong>festo,</strong></span> <span class='ocrx_word' id='word_1_155' title='bbox 754 3145 813 3210; x_wconf 93' lang='lat' dir='ltr'><strong>pro</strong></span> <span class='ocrx_word' id='word_1_156' title='bbox 829 3121 925 3188; x_wconf 91' lang='lat' dir='ltr'><strong>&#39;omni</strong></span> <span class='ocrx_word' id='word_1_157' title='bbox 948 3123 1096 3201; x_wconf 83' lang='lat' dir='ltr'><strong>servicio,</strong></span> <span class='ocrx_word' id='word_1_158' title='bbox 1112 3122 1250 3189; x_wconf 79' lang='lat' dir='ltr'><strong>seculari</strong></span> <span class='ocrx_word' id='word_1_159' title='bbox 1273 3122 1445 3188; x_wconf 82' lang='lat' dir='ltr'><strong>exactione</strong></span> <span class='ocrx_word' id='word_1_160' title='bbox 1468 3127 1504 3186; x_wconf 90' lang='lat' dir='ltr'><strong>et</strong></span> 
     </span>
     <span class='ocr_line' id='line_1_26' title="bbox 450 3225 1501 3312; baseline -0.001 -23"><span class='ocrx_word' id='word_1_161' title='bbox 450 3225 619 3291; x_wconf 85' lang='lat' dir='ltr'><strong>demanda</strong></span> <span class='ocrx_word' id='word_1_162' title='bbox 666 3225 711 3291; x_wconf 85' lang='lat' dir='ltr'><strong>Et</strong></span> <span class='ocrx_word' id='word_1_163' title='bbox 733 3247 793 3312; x_wconf 86' lang='lat' dir='ltr'><strong>ego</strong></span> <span class='ocrx_word' id='word_1_164' title='bbox 825 3225 919 3291; x_wconf 84' lang='lat' dir='ltr'><strong>Eudo</strong></span> <span class='ocrx_word' id='word_1_165' title='bbox 953 3232 987 3291; x_wconf 89' lang='lat' dir='ltr'><strong>et</strong></span> <span class='ocrx_word' id='word_1_166' title='bbox 1021 3225 1156 3291; x_wconf 84' lang='lat' dir='ltr'><strong>heredes</strong></span> <span class='ocrx_word' id='word_1_167' title='bbox 1189 3231 1224 3290; x_wconf 88' lang='lat' dir='ltr'><strong>et</strong></span> <span class='ocrx_word' id='word_1_168' title='bbox 1254 3225 1414 3311; x_wconf 85' lang='lat' dir='ltr'><strong>assignati</strong></span> <span class='ocrx_word' id='word_1_169' title='bbox 1436 3225 1501 3290; x_wconf 90' lang='lat' dir='ltr'><strong>mei</strong></span> 
     </span>
     <span class='ocr_line' id='line_1_27' title="bbox 449 3329 1502 3416; baseline 0.001 -22"><span class='ocrx_word' id='word_1_170' title='bbox 449 3329 623 3413; x_wconf 61' lang='lat' dir='ltr'><strong>predictas</strong></span> <span class='ocrx_word' id='word_1_171' title='bbox 645 3329 728 3395; x_wconf 87' lang='lat' dir='ltr'><strong>duas</strong></span> <span class='ocrx_word' id='word_1_172' title='bbox 749 3351 840 3396; x_wconf 86' lang='lat' dir='ltr'><strong>acras</strong></span> <span class='ocrx_word' id='word_1_173' title='bbox 863 3334 968 3406; x_wconf 83' lang='lat' dir='ltr'><strong>terrae,</strong></span> <span class='ocrx_word' id='word_1_174' title='bbox 991 3351 1068 3398; x_wconf 83' lang='lat' dir='ltr'><strong>cum</strong></span> <span class='ocrx_word' id='word_1_175' title='bbox 1087 3329 1297 3416; x_wconf 73' lang='lat' dir='ltr'><strong>pertinentiis</strong></span> <span class='ocrx_word' id='word_1_176' title='bbox 1319 3329 1395 3406; x_wconf 85' lang='lat' dir='ltr'><strong>suis,</strong></span> <span class='ocrx_word' id='word_1_177' title='bbox 1418 3351 1502 3415; x_wconf 84' lang='lat' dir='ltr'><strong>prse-</strong></span> 
     </span>
     <span class='ocr_line' id='line_1_28' title="bbox 451 3429 1502 3498; baseline 0.003 -3"><span class='ocrx_word' id='word_1_178' title='bbox 451 3429 547 3496; x_wconf 83' lang='lat' dir='ltr'><strong>diotis</strong></span> <span class='ocrx_word' id='word_1_179' title='bbox 569 3431 682 3497; x_wconf 87' lang='lat' dir='ltr'><strong>abbati</strong></span> <span class='ocrx_word' id='word_1_180' title='bbox 706 3437 741 3497; x_wconf 90' lang='lat' dir='ltr'><strong>et</strong></span> <span class='ocrx_word' id='word_1_181' title='bbox 762 3433 940 3498; x_wconf 82' lang='lat' dir='ltr'><strong>eonventui</strong></span> <span class='ocrx_word' id='word_1_182' title='bbox 963 3437 1131 3497; x_wconf 89' lang='lat' dir='ltr'><strong>eteorum</strong></span> <span class='ocrx_word' id='word_1_183' title='bbox 1154 3432 1391 3498; x_wconf 77' lang='lat' dir='ltr'><strong>suceessoribus</strong></span> <span class='ocrx_word' id='word_1_184' title='bbox 1426 3453 1502 3498; x_wconf 85' lang='lat' dir='ltr'><strong>eon-</strong></span> 
     </span>
     <span class='ocr_line' id='line_1_29' title="bbox 451 3534 1503 3621; baseline 0.002 -24"><span class='ocrx_word' id='word_1_185' title='bbox 451 3537 503 3598; x_wconf 85' lang='lat' dir='ltr'><strong>tra</strong></span> <span class='ocrx_word' id='word_1_186' title='bbox 536 3554 648 3598; x_wconf 88' lang='lat' dir='ltr'><strong>omnes</strong></span> <span class='ocrx_word' id='word_1_187' title='bbox 680 3535 833 3600; x_wconf 73' lang='lat' dir='ltr'><strong>mortales</strong></span> <span class='ocrx_word' id='word_1_188' title='bbox 868 3536 1111 3621; x_wconf 80' lang='lat' dir='ltr'><strong>imperpetuum</strong></span> <span class='ocrx_word' id='word_1_189' title='bbox 1143 3534 1430 3599; x_wconf 76' lang='lat' dir='ltr'><strong>warantizabimus</strong></span> <span class='ocrx_word' id='word_1_190' title='bbox 1467 3540 1503 3599; x_wconf 90' lang='lat' dir='ltr'><strong>et</strong></span> 
     </span>
     <span class='ocr_line' id='line_1_30' title="bbox 450 3635 1503 3734; baseline 0.003 -35"><span class='ocrx_word' id='word_1_191' title='bbox 450 3635 670 3700; x_wconf 85' lang='lat' dir='ltr'><strong>defendemus.</strong></span> <span class='ocrx_word' id='word_1_192' title='bbox 717 3635 762 3701; x_wconf 83' lang='lat' dir='ltr'><strong>Et</strong></span> <span class='ocrx_word' id='word_1_193' title='bbox 795 3649 834 3701; x_wconf 87' lang='lat' dir='ltr'><strong>ut</strong></span> <span class='ocrx_word' id='word_1_194' title='bbox 870 3636 942 3702; x_wconf 83' lang='lat' dir='ltr'><strong>haeo</strong></span> <span class='ocrx_word' id='word_1_195' title='bbox 978 3637 1114 3702; x_wconf 90' lang='lat' dir='ltr'><strong>donatio</strong></span> <span class='ocrx_word' id='word_1_196' title='bbox 1154 3641 1189 3701; x_wconf 90' lang='lat' dir='ltr'><strong>et</strong></span> <span class='ocrx_word' id='word_1_197' title='bbox 1219 3636 1382 3734; x_wconf 71' lang='lat' dir='ltr'><strong>consessio</strong></span> <span class='ocrx_word' id='word_1_198' title='bbox 1427 3658 1503 3703; x_wconf 88' lang='lat' dir='ltr'><strong>mea</strong></span> 
     </span>
     <span class='ocr_line' id='line_1_31' title="bbox 451 3736 1505 3816; baseline 0 -14"><span class='ocrx_word' id='word_1_199' title='bbox 451 3736 547 3802; x_wconf 86' lang='lat' dir='ltr'><strong>firma</strong></span> <span class='ocrx_word' id='word_1_200' title='bbox 576 3737 621 3801; x_wconf 89' lang='lat' dir='ltr'><strong>sit</strong></span> <span class='ocrx_word' id='word_1_201' title='bbox 655 3742 689 3802; x_wconf 89' lang='lat' dir='ltr'><strong>et</strong></span> <span class='ocrx_word' id='word_1_202' title='bbox 720 3737 857 3816; x_wconf 86' lang='lat' dir='ltr'><strong>stabilis,</strong></span> <span class='ocrx_word' id='word_1_203' title='bbox 880 3737 965 3804; x_wconf 88' lang='lat' dir='ltr'><strong>hano</strong></span> <span class='ocrx_word' id='word_1_204' title='bbox 1003 3743 1128 3804; x_wconf 83' lang='lat' dir='ltr'><strong>cartam</strong></span> <span class='ocrx_word' id='word_1_205' title='bbox 1166 3737 1287 3803; x_wconf 90' lang='lat' dir='ltr'><strong>eisdem</strong></span> <span class='ocrx_word' id='word_1_206' title='bbox 1320 3738 1435 3803; x_wconf 86' lang='lat' dir='ltr'><strong>abbati</strong></span> <span class='ocrx_word' id='word_1_207' title='bbox 1469 3744 1505 3803; x_wconf 91' lang='lat' dir='ltr'><strong>et</strong></span> 
     </span>
     <span class='ocr_line' id='line_1_32' title="bbox 450 3839 1502 3927; baseline 0 -23"><span class='ocrx_word' id='word_1_208' title='bbox 450 3839 629 3905; x_wconf 80' lang='lat' dir='ltr'><strong>conventui</strong></span> <span class='ocrx_word' id='word_1_209' title='bbox 666 3839 741 3917; x_wconf 79' lang='lat' dir='ltr'><strong>feei,</strong></span> <span class='ocrx_word' id='word_1_210' title='bbox 776 3845 810 3905; x_wconf 87' lang='lat' dir='ltr'><strong>et</strong></span> <span class='ocrx_word' id='word_1_211' title='bbox 846 3861 920 3906; x_wconf 87' lang='lat' dir='ltr'><strong>eam</strong></span> <span class='ocrx_word' id='word_1_212' title='bbox 967 3839 1076 3927; x_wconf 83' lang='lat' dir='ltr'><strong>sigillo</strong></span> <span class='ocrx_word' id='word_1_213' title='bbox 1130 3861 1203 3905; x_wconf 91' lang='lat' dir='ltr'><strong>meo</strong></span> <span class='ocrx_word' id='word_1_214' title='bbox 1241 3839 1380 3927; x_wconf 83' lang='lat' dir='ltr'><strong>signavi.</strong></span> <span class='ocrx_word' id='word_1_215' title='bbox 1426 3840 1502 3904; x_wconf 87' lang='lat' dir='ltr'><strong>Hiis</strong></span> 
     </span>
     <span class='ocr_line' id='line_1_33' title="bbox 450 3941 1503 4018; baseline 0.002 -12"><span class='ocrx_word' id='word_1_216' title='bbox 450 3941 600 4018; x_wconf 87' lang='lat' dir='ltr'><strong>testibus,</strong></span> <span class='ocrx_word' id='word_1_217' title='bbox 624 3941 765 4006; x_wconf 88' lang='lat' dir='ltr'><strong>dominis</strong></span> <span class='ocrx_word' id='word_1_218' title='bbox 798 3942 941 4008; x_wconf 83' lang='lat' dir='ltr'><strong>Roberto</strong></span> <span class='ocrx_word' id='word_1_219' title='bbox 975 3943 1015 4007; x_wconf 91' lang='lat' dir='ltr'><strong>de</strong></span> <span class='ocrx_word' id='word_1_220' title='bbox 1046 3941 1262 4007; x_wconf 86' lang='lat' dir='ltr'><strong>Luxteshulle</strong></span> <span class='ocrx_word' id='word_1_221' title='bbox 1285 3947 1319 4006; x_wconf 92' lang='lat' dir='ltr'><strong>et</strong></span> <span class='ocrx_word' id='word_1_222' title='bbox 1349 3941 1503 4008; x_wconf 86' lang='lat' dir='ltr'><strong>Johanne</strong></span> 
     </span>
     <span class='ocr_line' id='line_1_34' title="bbox 451 4043 1503 4123; baseline 0.002 -15"><span class='ocrx_word' id='word_1_223' title='bbox 451 4043 637 4120; x_wconf 86' lang='lat' dir='ltr'><strong>Walerand,</strong></span> <span class='ocrx_word' id='word_1_224' title='bbox 671 4044 841 4122; x_wconf 90' lang='lat' dir='ltr'><strong>militibus,</strong></span> <span class='ocrx_word' id='word_1_225' title='bbox 864 4044 990 4110; x_wconf 82' lang='lat' dir='ltr'><strong>Thema</strong></span> <span class='ocrx_word' id='word_1_226' title='bbox 1023 4044 1054 4110; x_wconf 89' lang='lat' dir='ltr'><strong>le</strong></span> <span class='ocrx_word' id='word_1_227' title='bbox 1086 4043 1207 4123; x_wconf 83' lang='lat' dir='ltr'><strong>Thieis‚</strong></span> <span class='ocrx_word' id='word_1_228' title='bbox 1239 4043 1366 4110; x_wconf 84' lang='lat' dir='ltr'><strong>Tboma</strong></span> <span class='ocrx_word' id='word_1_229' title='bbox 1397 4045 1437 4110; x_wconf 92' lang='lat' dir='ltr'><strong>de</strong></span> <span class='ocrx_word' id='word_1_230' title='bbox 1470 4045 1503 4110; x_wconf 88' lang='lat' dir='ltr'><strong>la</strong></span> 
     </span>
     <span class='ocr_line' id='line_1_35' title="bbox 451 4144 1504 4231; baseline 0.003 -22"><span class='ocrx_word' id='word_1_231' title='bbox 451 4144 560 4231; x_wconf 87' lang='lat' dir='ltr'><strong>Hyde,</strong></span> <span class='ocrx_word' id='word_1_232' title='bbox 583 4145 724 4212; x_wconf 85' lang='lat' dir='ltr'><strong>Rieardo</strong></span> <span class='ocrx_word' id='word_1_233' title='bbox 755 4147 786 4212; x_wconf 89' lang='lat' dir='ltr'><strong>le</strong></span> <span class='ocrx_word' id='word_1_234' title='bbox 819 4146 953 4225; x_wconf 64' lang='lat' dir='ltr'><strong>Arohen</strong></span> <span class='ocrx_word' id='word_1_235' title='bbox 976 4145 1103 4213; x_wconf 87' lang='lat' dir='ltr'><strong>Tboma</strong></span> <span class='ocrx_word' id='word_1_236' title='bbox 1135 4147 1328 4224; x_wconf 87' lang='lat' dir='ltr'><strong>Mareward,</strong></span> <span class='ocrx_word' id='word_1_237' title='bbox 1350 4146 1504 4213; x_wconf 87' lang='lat' dir='ltr'><strong>Johanne</strong></span> 
     </span>
     <span class='ocr_line' id='line_1_36' title="bbox 450 4245 742 4313; baseline 0.007 -3"><span class='ocrx_word' id='word_1_238' title='bbox 450 4245 481 4311; x_wconf 93' lang='lat' dir='ltr'><strong>le</strong></span> <span class='ocrx_word' id='word_1_239' title='bbox 506 4247 581 4312; x_wconf 84' lang='lat' dir='ltr'><strong>Vrie</strong></span> <span class='ocrx_word' id='word_1_240' title='bbox 604 4253 638 4313; x_wconf 85' lang='lat' dir='ltr'><strong>et</strong></span> <span class='ocrx_word' id='word_1_241' title='bbox 660 4247 742 4313; x_wconf 86' lang='lat' dir='ltr'><strong>aliis.</strong></span> 
     </span>
    </p>
   </div>
   <div class='ocr_carea' id='block_1_6' title="bbox 0 0 1771 5810">
    <p class='ocr_par' dir='ltr' id='par_1_6' title="bbox 0 0 1771 5810">
     <span class='ocr_line' id='line_1_37' title="bbox 0 0 1771 5810; baseline 0 0"><span class='ocrx_word' id='word_1_242' title='bbox 0 0 1771 5810; x_wconf 95' lang='lat' dir='ltr'><strong> </strong></span> 
     </span>
    </p>
   </div>
  </div>
 </body>
</html>
