3526 5810
406 920 408 926 -
523 897 720 948 snmsvnuu
743 895 1065 946 mumnumnusa
1253 878 1318 948 237

270 1082 418 1146 monium
440 1082 540 1168 hujus
562 1081 761 1148 remissionis
793 1087 827 1146 ei
859 1082 981 1168 quiebae
1014 1081 1200 1148 clamantis
1228 1102 1317 1156 meae,

270 1182 332 1249 hoo
353 1185 513 1270 seriptum
536 1185 658 1249 eisdem
681 1184 794 1249 abbati
817 1190 852 1249 ei
883 1185 1060 1250 conventui
1084 1183 1154 1261 feci,
1178 1187 1213 1248 ei
1235 1182 1318 1246 illud

271 1286 377 1372 sigillo
401 1308 474 1352 meo
489 1287 627 1374 signavi.
696 1285 772 1350 Hiis
806 1286 956 1364 testibus,
991 1286 1133 1352 dominis
1166 1285 1319 1350 Johanne

271 1387 434 1453 Mauduth
462 1395 496 1454 eb
519 1389 667 1454 Galfrido
690 1389 731 1454 de
755 1388 867 1465 Morle,
898 1388 1070 1466 militibus,
1093 1387 1246 1453 Johanne
1279 1386 1319 1450 ds

272 1489 529 1576 Henekynione‚
560 1490 704 1556 Henrioo
726 1489 757 1556 le
789 1489 883 1576 Scsy,
906 1490 1034 1556 Thoma
1061 1489 1201 1567 Seolaee,
1225 1488 1319 1552 Will-

270 1591 354 1659 elmo
377 1593 417 1658 de
441 1592 720 1680 Thsihingedone‚
736 1592 881 1658 Roberbo
897 1591 1060 1669 Centone,
1076 1595 1111 1656 ei
1133 1591 1216 1658 aliis,

708 1831 756 1898 De
778 1829 897 1897 eodeni.

316 1983 435 2066 Qaiieto
457 1984 648 2051 clamatio
670 1983 795 2070 Royeri
818 1983 857 2050 de
880 1982 1067 2050 doroteae
1090 1982 1130 2049 de
1152 1983 1272 2050 eodem.

316 2137 430 2203 Seiani
451 2143 628 2224 praesentes
651 2141 686 2202 ei
708 2137 812 2202 futuri
836 2137 924 2223 quod
959 2157 1019 2222 ego
1041 2136 1196 2222 Rogerus,
1231 2135 1319 2200 filius
1332 2139 1448 2220 Anothef

271 2247 305 2306 et
326 2241 419 2306 heres
442 2241 563 2326 Rogeri
586 2240 626 2306 de
651 2239 856 2316 Ohsrlsione‚
877 2239 990 2304 remisi
1023 2243 1057 2303 ei
1080 2240 1230 2324 quietum
1254 2239 1318 2304 ola·
1332 2207 1479 2270 (ΨΜ

271 2344 368 2420 mavi,
392 2365 451 2429 pro
473 2365 525 2409 me
549 2347 583 2408 ei
615 2342 791 2408 heredibus
823 2341 905 2406 meis
928 2347 963 2406 ei
996 2340 1097 2406 eiiam
1130 2341 1319 2406 hominibus

272 2445 360 2523 meis,
383 2445 454 2511 Deo
478 2451 512 2512 ei
543 2443 686 2511 ecelesiae
709 2444 806 2510 Beati
837 2441 981 2509 Aidelmi
1005 2445 1044 2509 de
1078 2443 1318 2523 Malmesburia,

271 2553 306 2629 ei
332 2549 464 2614 domino
488 2547 654 2613 Willelmo
688 2547 811 2623 abbati,
834 2552 869 2611 ei
900 2545 1068 2612 monachis
1101 2546 1224 2612 ibidem
1247 2547 1318 2613 Deo

271 2650 499 2727 servientibus,
523 2654 631 2715 bobum
650 2649 718 2742 jus·
744 2654 778 2713 ei
800 2647 955 2714 olamium
978 2652 1012 2712 ei
1045 2652 1151 2713 boiam
1174 2670 1318 2714 eommu-

272 2775 349 2818 nam
372 2774 471 2840 quam
494 2751 635 2818 clamavi
657 2750 778 2816 habere
801 2750 837 2814 in
859 2749 928 2820 solo
953 2749 1011 2815 illo
1043 2750 1079 2815 in
1114 2749 1318 2829 Oherleione,

271 2855 358 2942 quod
396 2859 533 2922 voeaiur
577 2853 838 2940 Myddelhursbe,
876 2852 918 2918 ab
963 2853 1157 2920 oooidenisli
1197 2855 1318 2942 angulo

271 2959 386 3025 croftas
419 2957 541 3045 Rogeri
574 2958 615 3022 de
650 2956 837 3042 Radewoye
872 2977 976 3042 usque
1011 2955 1053 3022 ad
1083 2955 1229 3021 rivulum
1261 2958 1319 3044 qui

271 3061 365 3126 venii
402 3062 443 3126 de
481 3058 728 3146 Sweienhegge‚
766 3064 800 3123 ei
845 3059 893 3123 sio
929 3079 987 3144 per
1031 3058 1177 3124 rivulum
1223 3060 1318 3124 illum
1450 3070 1458 3094 ¹

271 3185 375 3248 usque
398 3161 440 3230 ad
463 3161 625 3228 fossatum
655 3161 761 3247 eampi
796 3159 837 3226 de
860 3158 1057 3226 Oherleione
1090 3161 1148 3247 qui
1182 3167 1321 3228 vooaiur

272 3264 499 3342 Holdedoune,
522 3269 556 3330 ei
577 3263 624 3330 sio
647 3283 667 3329 a
689 3263 811 3329 fossato
842 3261 900 3328 illo
923 3284 1027 3349 usque
1060 3263 1103 3329 ad
1137 3265 1174 3330 la
1211 3264 1319 3331 Wode·

273 3369 406 3450 breebe;
427 3370 477 3436 iia
498 3367 587 3455 quod
609 3389 669 3434 neo
689 3387 825 3454 agones
842 3365 963 3453 aliquis
982 3366 1141 3432 heredum
1163 3389 1318 3447 meorum,

271 3470 325 3537 vel
347 3471 589 3558 assignatorum
611 3491 758 3534 meorum
789 3467 843 3532 vel
876 3469 1048 3534 hominum
1079 3475 1239 3549 meorum,
1262 3472 1321 3538 ali·

272 3575 360 3662 quod
378 3573 435 3661 jus
458 3571 511 3638 vel
534 3572 696 3648 domium,
713 3571 768 3636 vel
782 3571 926 3656 aliquam
950 3592 1156 3638 communem
1179 3575 1215 3638 in
1237 3595 1320 3660 prae-

273 3675 361 3743 dieto
384 3675 453 3741 solo
475 3679 535 3741 aui
556 3674 636 3740 loeis
667 3673 842 3759 praedietis,
866 3679 965 3758 prout
997 3674 1147 3761 superius
1181 3680 1232 3740 esi
1263 3697 1320 3740 ex-

274 3801 428 3866 pressum,
452 3777 564 3864 aliquo
595 3783 743 3862 tempore
777 3776 872 3841 nobis
904 3777 1034 3863 exigere
1057 3777 1111 3843 vel
1145 3779 1319 3845 vendioare
1437 3767 1443 3780 ’

273 3881 435 3968 possimus
457 3881 708 3966 imperpeiuum.
756 3876 858 3944 Salva
888 3882 1000 3944 tamen
1022 3879 1163 3945 mihist
1192 3880 1320 3956 heredi-

274 3985 335 4050 bus
372 3985 454 4049 meis
491 3989 526 4048 ei
562 3981 752 4047 hominibus
786 3981 876 4058 meis,
908 3981 944 4045 in
967 3985 1107 4067 utraque
1141 3988 1235 4068 perte
1258 3984 1320 4048 soli

274 4086 433 4173 praedieii,
449 4083 623 4150 sufficienti
647 4083 759 4150 ohaoia
781 4083 824 4149 ad
846 4083 958 4148 averia
981 4083 1127 4171 fuganda
1149 4089 1184 4150 et
1206 4107 1319 4152 currus
1332 4093 1419 4144 fissa.

275 4197 309 4256 ei
327 4195 468 4256 careotas
491 4188 662 4254 ducendas
710 4187 754 4251 Et
777 4185 813 4250 in
835 4186 1062 4251 tessimonium
1085 4187 1184 4274 hujus
1207 4189 1320 4254 remis-

275 4292 374 4357 sionis
397 4295 432 4356 et
454 4291 575 4376 quieiae
598 4289 783 4354 clamentiae
806 4309 897 4366 mese,
919 4287 982 4354 hoo
1003 4289 1162 4374 scriptum
1196 4291 1318 4356 eisdem

274 4394 387 4460 abbati
411 4402 445 4458 et
479 4392 656 4458 conventui
679 4391 751 4467 feci,
774 4395 809 4456 ei
839 4390 923 4455 iilud
954 4390 1062 4476 sigillo
1085 4413 1157 4457 meo
1180 4393 1318 4480 signavi.

276 4499 352 4562 Hiis
383 4495 532 4571 testibus,
556 4493 697 4558 dominis
729 4493 882 4558 Johanne
914 4493 1079 4558 Mauduih
1102 4499 1137 4559 eb
1171 4495 1319 4562 Galfrido

274 4602 315 4666 de
338 4599 449 4675 Morle,
472 4596 642 4672 militibus,
665 4596 818 4662 Johanne
842 4597 883 4661 de
903 4595 1160 4683 Hanekynione‚
1176 4597 1320 4665 Henrioo

273 4703 304 4769 le
328 4703 422 4786 Seay,
449 4699 576 4765 Thoma
599 4698 738 4775 Sooleee‚
770 4697 936 4763 Willelmo
968 4700 1009 4765 de
1041 4699 1320 4788 Theihingedone,

273 4805 418 4872 Roberio
441 4801 603 4879 Oalsione,
628 4800 798 4867 simultis
821 4801 904 4867 aliis.
