3566 5820
602 909 799 959 unsrsrnuu
821 909 1141 958 usrnrsuusrausr.
1333 893 1397 954 203

349 1101 426 1166 pore
448 1081 657 1160 defensionis,
680 1105 784 1169 usque
806 1083 849 1147 ad
883 1105 1017 1168 parcum
1041 1103 1136 1146 suum
1160 1081 1201 1145 de
1224 1079 1397 1163 Dreycote‚

350 1184 418 1249 sine
450 1186 706 1250 contradictione
741 1191 775 1250 et
799 1187 974 1250 vexatione
1008 1185 1159 1270 praedicti
1201 1183 1330 1247 abbatis
1362 1186 1396 1244 et

349 1291 529 1352 conventus
553 1293 588 1352 et
610 1309 828 1354 successorum
852 1309 994 1363 suorum,
1018 1291 1052 1351 et
1067 1285 1238 1350 hominum
1262 1305 1395 1348 suorum

304 1438 313 1458 .
349 1389 389 1454 de
405 1389 555 1468 Suttme,
572 1413 631 1477 per
653 1391 828 1477 praedictas
851 1390 980 1458 chacias
1005 1395 1040 1454 et
1062 1388 1237 1464 cheminos‚
1264 1392 1298 1451 et
1321 1407 1395 1450 cum

347 1513 476 1556 necesse
499 1493 600 1558 fuerit
622 1516 680 1578 per
693 1493 835 1558 mediam
859 1492 972 1557 villam
996 1491 1035 1555 de
1060 1491 1211 1567 Suttone²
1227 1510 1395 1575 quousque

348 1593 411 1658 sibi
449 1594 489 1658 de
525 1597 782 1681 transgressione
819 1595 921 1660 fuerit·
958 1593 1174 1659 satisfactum.
1235 1593 1396 1657 Praeterea

347 1693 495 1760 homines
510 1697 550 1760 de
568 1697 708 1762 Suttone
724 1697 846 1762 debent
869 1697 1033 1774 infossam,
1057 1696 1085 1759 si
1100 1695 1275 1770 voluerint,
1298 1713 1396 1778 penes

347 1818 388 1873 sc,
413 1803 519 1863 totam
542 1805 663 1863 terram
690 1821 782 1864 suam
810 1821 883 1884 quse
907 1798 1058 1863 extendit
1082 1819 1179 1882 super
1202 1796 1395 1882 praedictum

347 1904 488 1985 pratum,
511 1907 647 1987 excepto
669 1924 736 1967 uno
760 1902 841 1988 pede
869 1907 904 1966 et
927 1900 1064 1965 dimidio
1090 1905 1186 1964 terrae
1214 1921 1280 1964 suae
1309 1898 1395 1984 quod

347 2003 530 2067 remanebit
560 2003 648 2067 inter
677 2003 837 2068 fossatum
864 2009 898 2067 et
927 2009 1060 2088 pratum
1100 2001 1143 2066 ad
1175 2001 1394 2087 reparandum

346 2103 505 2170 fossatum
524 2127 651 2182 eorum,
678 2127 752 2170 cum
777 2127 905 2170 necesse
930 2105 1039 2180 fuerit,
1063 2110 1098 2168 et
1128 2109 1264 2189 excepto
1288 2103 1395 2188 capite

346 2206 495 2291 praedicti
522 2207 678 2292 seyllonis
712 2207 800 2293 quod
830 2206 982 2271 extendit
1013 2227 1112 2291 super
1142 2211 1283 2290 pratum,
1306 2205 1394 2268 unde

314 2303 320 2312 ’
346 2308 503 2372 medietas
526 2331 654 2394 semper
676 2308 838 2373 habeatur
864 2331 922 2394 pro
946 2308 1065 2373 chasia.
1105 2307 1159 2372 Ita
1175 2309 1262 2392 quod
1286 2307 1393 2371 dictus

346 2409 518 2497 Philippus
550 2421 584 2477 et
623 2412 758 2477 heredes
790 2414 841 2476 sui
865 2433 924 2497 pro
951 2411 1162 2476 insufficienti
1201 2411 1323 2476 fossato
1360 2417 1394 2474 et

345 2515 454 2579 clauso
486 2515 526 2579 de
550 2521 668 2580 caetero
698 2517 734 2579 in
757 2518 852 2600 prato
876 2537 935 2580 suo
966 2536 1025 2599 per
1047 2516 1161 2578 averia
1188 2514 1228 2578 de
1251 2513 1393 2578 Suttone

345 2617 524 2702 dampnum
548 2638 614 2681 non
645 2619 831 2692 incurrant3
863 2618 948 2680 etsi
971 2618 1176 2692 incurrerint,
1199 2638 1257 2702 per
1285 2617 1392 2680 visum

345 2720 522 2805 proborum
550 2719 726 2785 hominum
759 2720 996 2786 emendabitur.
1054 2720 1099 2784 Et
1129 2721 1156 2783 si
1180 2719 1329 2784 homines
1352 2720 1392 2784 de
1406 2743 1492 2794 fuss.

347 2821 488 2886 Suttone
511 2845 569 2909 per
592 2823 721 2888 chacias
744 2829 779 2888 et
803 2822 971 2888 cheminos
997 2822 1181 2908 predictos,
1197 2845 1255 2908 per
1280 2824 1393 2888 averia

344 2926 494 3010 praedicti
532 2927 677 3012 Philippi
700 2931 735 2990 et
768 2927 925 2991 heredum
960 2949 1100 3002 suorum,
1125 2935 1184 2993 aut
1221 2927 1392 2992 hominum

345 3050 478 3093 suorum
512 3031 552 3094 de
576 3030 747 3114 Dreycote‚
780 3029 958 3114 dampnum
994 3031 1171 3106 incurrant,
1205 3051 1262 3114 per
1278 3031 1393 3094 -visum

346 3133 519 3217 proborum
543 3131 716 3196 hominum
739 3131 982 3196 rationabiliter
1004 3133 1205 3196 emendetur.
1253 3131 1391 3197 Conces-

345 3235 389 3298 sit
420 3237 520 3300 etiam
554 3235 662 3299 dictus
697 3233 869 3320 Philippus
901 3256 959 3319 pro
990 3257 1024 3300 se
1055 3241 1089 3300 et
1118 3235 1293 3300 heredibus
1317 3237 1393 3314 suis,

346 3339 433 3423 quod
465 3336 575 3402 nullus
597 3338 719 3401 habeat
741 3344 909 3422 pasturam
932 3343 992 3401 aut
1014 3358 1220 3402 communem
1253 3339 1289 3401 in
1312 3359 1393 3423 prae-

345 3429 441 3505 dictis
478 3442 590 3526 pratis,
627 3440 692 3504 nisi
730 3439 799 3527 ipse
837 3445 871 3504 et
912 3439 1045 3504 heredes
1083 3441 1142 3516 sui,
1168 3445 1215 3504 'et
1246 3441 1392 3507 homines

345 3545 396 3608 sui
434 3545 474 3608 de
508 3545 679 3628 Dreycote‚
720 3549 752 3608 et
791 3544 938 3629 praedicti
973 3543 1121 3609 homines
1153 3544 1193 3608 de
1232 3545 1373 3611 Suttone
1385 3572 1393 3626 ;

345 3651 379 3711 et
411 3648 498 3732 quod
536 3646 686 3732 praedicti
724 3645 873 3710 homines
912 3645 952 3710 de
992 3647 1133 3712 Suttone
1171 3647 1316 3714 habeant
1353 3648 1392 3712 li-

346 3750 459 3814 berum
500 3749 683 3836 ingressum
717 3753 752 3812 et
792 3771 958 3834 egressum
995 3771 1055 3835 per
1091 3751 1250 3836 praedicta
1288 3757 1392 3838 prata,

346 3852 521 3917 dummodo
559 3851 680 3918 falcata
721 3851 846 3916 fuerint
880 3857 913 3917 et
950 3851 1107 3934 adunata,
1130 3853 1172 3918 ad
1203 3855 1393 3940 aquandum

345 3956 457 4020 averia
479 3977 591 4020 eorum
627 3954 698 4018 sine
732 3954 845 4038 aliqua
877 3955 1145 4020 contradictione.
1193 3956 1248 4023 Ita
1281 3963 1392 4022 tamen

345 4059 432 4144 quod
455 4059 491 4122 in
513 4057 681 4144 praedictis
716 4058 820 4143 pratis
843 4058 987 4145 dampna
1010 4081 1076 4123 non
1108 4060 1241 4138 faciant,
1264 4083 1323 4126 nec
1357 4063 1393 4124 in

346 4162 466 4226 eisdem
499 4165 636 4246 pascant
658 4165 736 4224 ante
758 4160 953 4246 preadictum
986 4163 1106 4226 festum
1141 4163 1229 4228 beati
1253 4164 1393 4229 Bartho-

307 4261 310 4266 ’
345 4265 449 4330 lomei.
504 4263 550 4328 Et
587 4263 615 4328 si
653 4264 823 4350 contingat
861 4265 947 4350 quod
987 4265 1135 4330 homines
1173 4266 1213 4331 de
1253 4267 1394 4333 Suttone

346 4372 459 4432 contra
473 4365 560 4431 hanc
581 4367 834 4432 conventionem
849 4373 884 4432 et
906 4367 1038 4432 finalem
1053 4370 1258 4436 concordiam
1282 4372 1394 4457 aliquo

345 4479 491 4557 tempore
528 4470 756 4536 fraudulenter
793 4477 827 4536 et
866 4472 1031 4538 maliciose
1070 4474 1182 4539 venire
1217 4474 1393 4554 voluerint,

345 4574 446 4638 abbas
469 4578 504 4638 et
518 4579 708 4652 conventus,
723 4581 758 4639 et
773 4597 885 4639 eorum
902 4597 1106 4652 successores,
1122 4599 1176 4642 eos
1199 4580 1396 4665 compellent

344 4678 387 4742 ad
425 4676 658 4764 praedictorum
695 4678 967 4756 observationem,
1005 4679 1054 4744 ita
1092 4680 1180 4765 quod
1218 4683 1396 4767 praedictus

345 4779 518 4868 Philippus
542 4785 576 4845 et
598 4781 731 4846 heredes
746 4780 799 4846 sui
822 4805 880 4868 per
902 4782 1063 4848 maliciam
1079 4789 1139 4848 aut
1161 4786 1396 4873 negligentiam

346 4906 457 4952 eorum
490 4885 671 4971 dampnum
704 4906 771 4951 non
802 4885 977 4951 incurrant
1039 4887 1083 4951 Et
1115 4893 1154 4953 ut
1187 4890 1258 4956 haec
1288 4891 1397 4958 finalis
