3514 5818
394 716 490 782 lxxvi
523 741 532 758 ·
840 734 1001 784 ruurscu

429 928 499 1000 Cep.
519 927 704 985 CLXXIHI.
723 928 932 1000 Hmkyntcne.
969 929 1069 984 Unum
1088 945 1141 1000 pee
1168 931 1206 1010 de
1223 933 1319 1002 grew¹
1338 931 1449 986 sectum

553 1009 589 1066 de
608 1010 743 1066 Johnune
761 1010 960 1081 Hsnkyntone
978 1016 1009 1065 et
1026 1011 1183 1066 heredibus
1201 1013 1272 1068 suis.

519 1093 664 1151 CLXXV.
684 1093 892 1164 Henkyntone.
942 1092 1108 1150 Recordum
1147 1111 1247 1151 eorem
1273 1095 1448 1167 justiciariis

553 1175 641 1246 regie.
679 1173 932 1248 46[Edw.111.].

517 1261 537 1316 f.
553 1261 612 1316 198.
632 1260 733 1315 Unum
750 1277 804 1330 pce
824 1260 860 1314 de
879 1277 958 1330 grew
976 1258 1120 1315 Iohannis
1149 1261 1270 1332 Selkyld
1297 1267 1329 1317 et
1352 1260 1448 1317 exitus

550 1344 616 1398 ,ειιί2
635 1341 667 1398 in
685 1341 903 1398 Melmeeburie.
1216 1356 1218 1360 ’

515 1427 536 1482 i.
551 1427 603 1482 198
614 1425 641 1480 b.
659 1425 688 1480 A
700 1443 774 1496 copy
786 1425 819 1480 cf
829 1424 1004 1482 CLXXXV.

517 1521 680 1578 CLXXVI.
712 1521 888 1577 Recordetic
918 1522 955 1577 de
981 1523 1079 1578 Bencb
1106 1539 1204 1578 corum
1226 1520 1399 1596 justiciariis
1416 1521 1444 1576 d.

550 1605 630 1676 regIs
657 1605 693 1659 de
712 1605 887 1659 tenementis
906 1605 993 1659 terris
1011 1609 1127 1660 etcum
1144 1606 1281 1660 omnibus
1300 1606 1366 1660 eliis
1383 1605 1446 1660 suis

551 1687 735 1759 pertinentiis
749 1687 896 1757 quondum
909 1687 1052 1744 Johennis
1071 1689 1171 1744 Broun
1189 1689 1220 1743 in
1239 1687 1445 1758 Hunkyntone.

515 1783 694 1840 CLXXVII.
726 1783 916 1839 Confirmatio
947 1783 1078 1854 ejusdem
1107 1784 1219 1839 tenoris
1248 1785 1362 1840 recordi
1393 1801 1445 1854 per

550 1866 712 1923 Hemicum
725 1867 801 1922 1111.
815 1883 916 1936 regem
927 1866 1054 1936 Angliae.
1085 1868 1172 1922 Anne
1190 1867 1274 1937 regni
1286 1867 1332 1920 eui
1340 1867 1443 1938 primo.

514 1961 710 2019 CLXXVIII.
730 1961 821 2017 'Perre
837 1961 961 2018 manerii
987 1961 1097 2018 ibidem
1122 1962 1344 2032 (Hsnkyntcue)
1363 1979 1442 2018 men-

549 2051 658 2100 surate.
693 2046 781 2100 Anno
798 2043 832 2098 Il.
852 2044 931 2114 regis
950 2044 1042 2099 xlviii.

514 2128 674 2184 CLXXIX.
694 2127 792 2182 Terre
810 2131 841 2182 et
858 2132 943 2196 prete
961 2125 1109 2197 quondam
1127 2125 1247 2181 Thomas
1265 2125 1347 2182 Neel.

513 2221 656 2279 CLXXX.
684 2219 904 2277 Custumerium
935 2221 1044 2276 ibidem
1075 2221 1299 2293 (Hunkyntene)
1324 2238 1443 2278 renove-

548 2314 621 2362 tum.
658 2305 770 2370 March,
791 2307 805 2360 1
826 2305 902 2360 Heu.
923 2304 976 2360 IV.

512 2401 673 2459 CLXXXI.
693 2400 822 2456 Nomine
839 2399 1003 2456 tenentium
1028 2401 1064 2456 de
1088 2400 1175 2454 terris
1202 2401 1347 2472 quendem
1365 2400 1443 2472 edjs·

546 2481 678 2537 centibus
697 2488 864 2537 tenemento
883 2481 1002 2536 Ricardi
1021 2482 1119 2554 'Ihory
1138 2482 1174 2537 de
1192 2483 1398 2554 Henekyntcn.
1474 2547 1480 2555 ⁸

515 2577 695 2634 CLXXXII.
715 2576 804 2632 Mem.
824 2577 858 2632 of
872 2577 923 2632 the
941 2577 1080 2648 pedigree
1099 2577 1132 2632 of
1146 2576 1353 2649 Hsnkyntone.

511 2659 707 2717 CLXXXIII.
728 2659 870 2716 Exteutus
896 2660 1056 2716 tenementi
1076 2661 1222 2731 quendem
1241 2661 1386 2717 Jcheunis
1403 2662 1440 2717 de

547 2743 754 2813 Hankyntone.

511 2839 724 2897 CLXXXIIII.
738 2839 826 2896 Certe
844 2839 963 2895 Thomae
982 2840 1018 2894 de
1037 2839 1066 2895 le
1085 2839 1193 2896 Gotere
1211 2840 1290 2896 fecte
1307 2838 1441 2896 Mutildae

545 2923 613 2978 filice
632 2921 837 2977 Ber-tholomei
849 2921 972 2992 Aunger
983 2921 1019 2977 de
1032 2941 1091 2978 uno
1103 2929 1270 2978 tenemento
1283 2925 1391 2978 situutc
1409 2925 1441 2978 in

543 3007 653 3076 Magne
672 3004 771 3060 Strata
788 3003 823 3058 de
842 3003 992 3075 Westport
1010 3010 1041 3060 et
1058 3005 1095 3060 de
1107 3005 1203 3070 terris,
1217 3006 1310 3076 pratis
1328 3011 1359 3061 et
1376 3023 1440 3077 pee-

461 3135 465 3148 .
543 3091 619 3144 turis
637 3088 732 3143 eidem
751 3086 951 3158 adjacentibus
970 3087 1002 3141 in
1020 3086 1131 3157 campis
1150 3093 1233 3142 extre
1250 3087 1402 3144 Melmerb.

507 3184 680 3241 CLXXXV.
701 3184 788 3240 Certe
823 3183 942 3238 'Phemae
979 3183 1015 3238 de
1052 3182 1168 3239 Postico
1205 3184 1283 3238 fecte
1319 3183 1437 3240 'I'homae

542 3267 658 3322 Husurd
692 3271 722 3320 et
748 3265 858 3336 Agneti
884 3265 967 3320 uxori
998 3265 1061 3336 ejus
1096 3266 1133 3320 de
1160 3266 1287 3335 quedem
1312 3268 1439 3336 percelle

542 3357 628 3405 terre
644 3349 759 3420 jacente
778 3349 833 3404 sub
851 3366 910 3404 uns
936 3349 1052 3404 culture
1077 3349 1156 3420 epnd
1181 3347 1362 3405 'IThcrnhulle
1380 3367 1439 3406 una

541 3449 608 3486 cum
627 3450 683 3486 unc
701 3431 806 3488 itinere
824 3433 856 3487 in
874 3432 1029 3488 latitudine
1056 3432 1115 3487 xvi.
1134 3431 1243 3502 pedum
1261 3433 1298 3488 ed
1316 3433 1437 3489 eundem

541 3522 650 3570 terrem
664 3515 751 3586 juxte
768 3516 879 3571 dictum
897 3516 1040 3571 fossatum
1057 3517 1226 3584 erigentem.

507 3610 697 3669 CLXXXVI.
725 3611 813 3666 Certe
840 3610 961 3666 Thomae
993 3611 1030 3666 de
1061 3609 1178 3665 Postico
1209 3611 1286 3666 fecte
1316 3611 1435 3667 Thomoe

543 3695 660 3750 Heserd
678 3695 715 3751 dc
734 3699 818 3766 preto
845 3693 924 3764 epud
951 3693 1131 3749 'Phornhulle
1156 3693 1242 3765 juxte
1266 3695 1364 3750 vicum
1383 3695 1436 3752 Ce-

540 3778 713 3833 mincstrets
725 3778 904 3848 appellatum
923 3775 1041 3831 ibidem.

506 3871 714 3929 CLXXXVII.
735 3871 824 3927 Certe
850 3868 971 3926 thome
996 3871 1114 3926 Hessrd
1132 3877 1161 3925 ct
1187 3871 1313 3942 Agnetis
1340 3874 1437 3944 uxoris

540 3956 604 4027 ejus
621 3955 701 4010 fecte
727 3953 943 4009 Bartholomaeo
967 3955 1090 4024 Aunger
1115 3953 1176 4008 filio
1201 3971 1254 4009 suo
1279 3960 1310 4010 ct
1326 3955 1437 4026 Agneti

539 4039 622 4094 uxori
640 4038 704 4109 ejus
723 4037 759 4092 de
777 4036 904 4107 quedem
922 4037 1050 4108 parcella
1076 4041 1163 4092 teme
1182 4036 1302 4092 erabilis
1318 4038 1435 4109 jacente
1502 4035 1506 4042 ’

540 4124 594 4178 sub
612 4139 671 4176 une
688 4121 803 4176 culture
821 4121 899 4190 apud
916 4119 1077 4175 Thornhull
1104 4137 1193 4190 quum
1221 4119 1293 4176 dicti
1312 4121 1437 4178 Thomas

539 4211 569 4260 et
586 4205 686 4276 Agnes
704 4202 870 4258 habuerunt
886 4219 922 4258 ex
946 4203 1021 4258 dono
1039 4202 1159 4257 Thomas
1177 4203 1214 4258 de
1233 4203 1357 4260 Postico.

505 4303 729 4362 OLXXXVHI.
749 4302 837 4359 Certe
854 4302 928 4356 Adae
954 4301 1023 4358 Coci
1051 4301 1106 4355 filii
1125 4301 1245 4357 Ricardi
1273 4301 1343 4359 Coei
1360 4304 1439 4359 fecte

536 4386 656 4441 Thcmae
673 4385 789 4440 Heeurd
807 4385 843 4440 de
861 4402 921 4439 unu
938 4384 1024 4439 domo
1042 4400 1109 4440 cum
1127 4382 1213 4440 horto
1232 4384 1385 4456 edjecente
1403 4387 1435 4441 in

536 4469 687 4538 Westport
703 4467 735 4521 in
753 4467 926 4522 occidentali
945 4472 1027 4537 purte
1046 4465 1177 4522 ecelesiae
1195 4465 1315 4523 ibidem.

1311 4587 1429 4596 --.-.-.....

411 4635 420 4668 ¹
436 4637 486 4696 te,
496 4633 623 4699 pedigree.
892 4627 898 4694 Ι
945 4628 1015 4679 ²ex’
1027 4644 1082 4689 suo,
1093 4629 1120 4679 in
1132 4629 1189 4681 its.
