<?xml version="1.0" encoding="UTF-8"?>
<!DOCTYPE html PUBLIC "-//W3C//DTD XHTML 1.0 Transitional//EN"
    "http://www.w3.org/TR/xhtml1/DTD/xhtml1-transitional.dtd">
<html xmlns="http://www.w3.org/1999/xhtml" xml:lang="en" lang="en">
 <head>
  <title>
</title>
<meta http-equiv="Content-Type" content="text/html;charset=utf-8" />
  <meta name='ocr-system' content='tesseract 3.04.00' />
  <meta name='ocr-capabilities' content='ocr_page ocr_carea ocr_par ocr_line ocrx_word'/>
</head>
<body>
  <div class='ocr_page' id='page_1' title='image "./registrummalmes00martgoog_0359.png"; bbox 0 0 3526 5810; ppageno 0'>
   <div class='ocr_carea' id='block_1_1' title="bbox 527 865 1324 935">
    <p class='ocr_par' dir='ltr' id='par_1_1' title="bbox 527 865 1324 935">
     <span class='ocr_line' id='line_1_1' title="bbox 527 865 1324 935; baseline -0.01 0"><span class='ocrx_word' id='word_1_1' title='bbox 527 885 724 935; x_wconf 72' lang='lat' dir='ltr'><strong>caeremon</strong></span> <span class='ocrx_word' id='word_1_2' title='bbox 749 881 1071 932; x_wconf 77' lang='lat' dir='ltr'><strong>amusssuarnnsa</strong></span> <span class='ocrx_word' id='word_1_3' title='bbox 1261 865 1324 930; x_wconf 75' lang='lat'><strong>265</strong></span> 
     </span>
    </p>
   </div>
   <div class='ocr_carea' id='block_1_2' title="bbox 386 1103 1215 1341">
    <p class='ocr_par' dir='ltr' id='par_1_2' title="bbox 386 1103 1215 1341">
     <span class='ocr_line' id='line_1_2' title="bbox 619 1103 993 1172; baseline -0.008 -2"><span class='ocrx_word' id='word_1_4' title='bbox 619 1104 698 1170; x_wconf 74' lang='lat' dir='ltr'><strong>Car.</strong></span> <span class='ocrx_word' id='word_1_5' title='bbox 724 1103 993 1172; x_wconf 80' lang='lat' dir='ltr'>CCCLXXXIV.</span> 
     </span>
     <span class='ocr_line' id='line_1_3' title="bbox 386 1251 1215 1341; baseline -0.002 -21"><span class='ocrx_word' id='word_1_6' title='bbox 386 1256 490 1320; x_wconf 71' lang='lat' dir='ltr'><strong>Carta</strong></span> <span class='ocrx_word' id='word_1_7' title='bbox 512 1251 673 1341; x_wconf 74' lang='lat' dir='ltr'><strong>Spoaooic</strong></span> <span class='ocrx_word' id='word_1_8' title='bbox 695 1254 735 1320; x_wconf 82' lang='lat' dir='ltr'><strong>de</strong></span> <span class='ocrx_word' id='word_1_9' title='bbox 758 1253 948 1320; x_wconf 73' lang='lat' dir='ltr'><strong>Horkedale</strong></span> <span class='ocrx_word' id='word_1_10' title='bbox 971 1252 1011 1318; x_wconf 78' lang='lat' dir='ltr'><strong>cla</strong></span> <span class='ocrx_word' id='word_1_11' title='bbox 1033 1252 1215 1338; x_wconf 76' lang='lat' dir='ltr'><strong>Alpatoao.</strong></span> 
     </span>
    </p>
   </div>
   <div class='ocr_carea' id='block_1_3' title="bbox 274 1405 1487 3638">
    <p class='ocr_par' dir='ltr' id='par_1_3' title="bbox 274 1405 1487 3537">
     <span class='ocr_line' id='line_1_4' title="bbox 319 1405 1487 1492; baseline -0.003 -20"><span class='ocrx_word' id='word_1_12' title='bbox 319 1407 493 1473; x_wconf 89' lang='lat' dir='ltr'><strong>Universis</strong></span> <span class='ocrx_word' id='word_1_13' title='bbox 517 1406 643 1473; x_wconf 76' lang='lat' dir='ltr'><strong>Christi</strong></span> <span class='ocrx_word' id='word_1_14' title='bbox 666 1407 819 1472; x_wconf 88' lang='lat' dir='ltr'><strong>fidelibus</strong></span> <span class='ocrx_word' id='word_1_15' title='bbox 842 1427 986 1492; x_wconf 86' lang='lat' dir='ltr'><strong>praesens</strong></span> <span class='ocrx_word' id='word_1_16' title='bbox 1016 1406 1174 1491; x_wconf 87' lang='lat' dir='ltr'><strong>scriptum</strong></span> <span class='ocrx_word' id='word_1_17' title='bbox 1202 1405 1487 1490; x_wconf 78' lang='lat' dir='ltr'><strong>inspec-Licensero</strong></span> 
     </span>
     <span class='ocr_line' id='line_1_5' title="bbox 274 1483 1481 1600; baseline -0.004 -25"><span class='ocrx_word' id='word_1_18' title='bbox 274 1511 368 1588; x_wconf 88' lang='lat' dir='ltr'><strong>turis,</strong></span> <span class='ocrx_word' id='word_1_19' title='bbox 392 1510 508 1575; x_wconf 90' lang='lat' dir='ltr'>Simon</span> <span class='ocrx_word' id='word_1_20' title='bbox 531 1511 571 1575; x_wconf 91' lang='lat' dir='ltr'><strong>de</strong></span> <span class='ocrx_word' id='word_1_21' title='bbox 595 1508 785 1575; x_wconf 87' lang='lat' dir='ltr'><strong>Horkadale</strong></span> <span class='ocrx_word' id='word_1_22' title='bbox 809 1510 850 1574; x_wconf 86' lang='lat' dir='ltr'><strong>da</strong></span> <span class='ocrx_word' id='word_1_23' title='bbox 873 1509 1041 1586; x_wconf 89' lang='lat' dir='ltr'><strong>Alintoue‚</strong></span> <span class='ocrx_word' id='word_1_24' title='bbox 1066 1507 1207 1572; x_wconf 86' lang='lat' dir='ltr'><strong>salutem</strong></span> <span class='ocrx_word' id='word_1_25' title='bbox 1235 1512 1328 1572; x_wconf 86' lang='lat' dir='ltr'><strong>aeter-</strong></span> <span class='ocrx_word' id='word_1_26' title='bbox 1341 1483 1481 1600; x_wconf 42' lang='lat'><strong>32:21¹&amp;</strong></span> 
     </span>
     <span class='ocr_line' id='line_1_6' title="bbox 274 1612 1439 1679; baseline -0.003 -2"><span class='ocrx_word' id='word_1_27' title='bbox 274 1634 352 1679; x_wconf 87' lang='lat' dir='ltr'><strong>nam</strong></span> <span class='ocrx_word' id='word_1_28' title='bbox 383 1613 418 1676; x_wconf 94' lang='lat' dir='ltr'><strong>in</strong></span> <span class='ocrx_word' id='word_1_29' title='bbox 444 1613 596 1678; x_wconf 91' lang='lat' dir='ltr'><strong>Domino.</strong></span> <span class='ocrx_word' id='word_1_30' title='bbox 655 1612 798 1678; x_wconf 90' lang='lat' dir='ltr'><strong>Noverit</strong></span> <span class='ocrx_word' id='word_1_31' title='bbox 820 1612 1021 1677; x_wconf 72' lang='lat' dir='ltr'>universitas</span> <span class='ocrx_word' id='word_1_32' title='bbox 1044 1619 1154 1676; x_wconf 85' lang='lat' dir='ltr'><strong>vestra</strong></span> <span class='ocrx_word' id='word_1_33' title='bbox 1177 1632 1230 1675; x_wconf 88' lang='lat' dir='ltr'><strong>me</strong></span> <span class='ocrx_word' id='word_1_34' title='bbox 1253 1615 1439 1674; x_wconf 71' lang='lat' dir='ltr'><strong>con-landis</strong></span> 
     </span>
     <span class='ocr_line' id='line_1_7' title="bbox 275 1682 1433 1802; baseline -0.004 -21"><span class='ocrx_word' id='word_1_35' title='bbox 275 1715 414 1793; x_wconf 81' lang='lat' dir='ltr'><strong>cessisse,</strong></span> <span class='ocrx_word' id='word_1_36' title='bbox 445 1737 505 1802; x_wconf 82' lang='lat' dir='ltr'><strong>pm</strong></span> <span class='ocrx_word' id='word_1_37' title='bbox 535 1737 588 1780; x_wconf 88' lang='lat' dir='ltr'><strong>me</strong></span> <span class='ocrx_word' id='word_1_38' title='bbox 619 1720 654 1780; x_wconf 89' lang='lat' dir='ltr'><strong>et</strong></span> <span class='ocrx_word' id='word_1_39' title='bbox 683 1714 859 1780; x_wconf 83' lang='lat' dir='ltr'><strong>heredibus</strong></span> <span class='ocrx_word' id='word_1_40' title='bbox 882 1715 971 1792; x_wconf 90' lang='lat' dir='ltr'><strong>meis,</strong></span> <span class='ocrx_word' id='word_1_41' title='bbox 995 1715 1139 1800; x_wconf 91' lang='lat' dir='ltr'><strong>dompno</strong></span> <span class='ocrx_word' id='word_1_42' title='bbox 1161 1682 1433 1799; x_wconf 55' lang='lat' dir='ltr'><strong>Willelmoffi</strong></span> 
     </span>
     <span class='ocr_line' id='line_1_8' title="bbox 274 1815 1329 1902; baseline -0.003 -19"><span class='ocrx_word' id='word_1_43' title='bbox 274 1817 389 1883; x_wconf 83' lang='lat' dir='ltr'><strong>abbati</strong></span> <span class='ocrx_word' id='word_1_44' title='bbox 420 1818 459 1883; x_wconf 90' lang='lat' dir='ltr'><strong>de</strong></span> <span class='ocrx_word' id='word_1_45' title='bbox 485 1816 727 1894; x_wconf 84' lang='lat' dir='ltr'><strong>Malmesburia,</strong></span> <span class='ocrx_word' id='word_1_46' title='bbox 752 1824 786 1882; x_wconf 88' lang='lat' dir='ltr'><strong>et</strong></span> <span class='ocrx_word' id='word_1_47' title='bbox 809 1817 955 1902; x_wconf 91' lang='lat' dir='ltr'><strong>ejusdem</strong></span> <span class='ocrx_word' id='word_1_48' title='bbox 988 1817 1051 1882; x_wconf 89' lang='lat' dir='ltr'><strong>loci</strong></span> <span class='ocrx_word' id='word_1_49' title='bbox 1083 1815 1271 1892; x_wconf 89' lang='lat' dir='ltr'><strong>conventui,</strong></span> <span class='ocrx_word' id='word_1_50' title='bbox 1295 1820 1329 1880; x_wconf 88' lang='lat' dir='ltr'><strong>et</strong></span> 
     </span>
     <span class='ocr_line' id='line_1_9' title="bbox 276 1919 1330 2006; baseline -0.001 -22"><span class='ocrx_word' id='word_1_51' title='bbox 276 1942 387 1984; x_wconf 89' lang='lat' dir='ltr'><strong>eorum</strong></span> <span class='ocrx_word' id='word_1_52' title='bbox 425 1919 673 1996; x_wconf 83' lang='lat' dir='ltr'><strong>successoribus,</strong></span> <span class='ocrx_word' id='word_1_53' title='bbox 709 1920 798 2006; x_wconf 91' lang='lat' dir='ltr'><strong>quod</strong></span> <span class='ocrx_word' id='word_1_54' title='bbox 835 1919 900 2006; x_wconf 89' lang='lat' dir='ltr'><strong>ipsi</strong></span> <span class='ocrx_word' id='word_1_55' title='bbox 938 1919 1085 1984; x_wconf 87' lang='lat' dir='ltr'><strong>habeant·</strong></span> <span class='ocrx_word' id='word_1_56' title='bbox 1122 1925 1156 1983; x_wconf 88' lang='lat' dir='ltr'><strong>et</strong></span> <span class='ocrx_word' id='word_1_57' title='bbox 1190 1923 1330 1983; x_wconf 87' lang='lat' dir='ltr'><strong>teneant</strong></span> 
     </span>
     <span class='ocr_line' id='line_1_10' title="bbox 275 2019 1330 2108; baseline -0.004 -21"><span class='ocrx_word' id='word_1_58' title='bbox 275 2021 409 2106; x_wconf 86' lang='lat' dir='ltr'><strong>pacifice</strong></span> <span class='ocrx_word' id='word_1_59' title='bbox 438 2022 692 2108; x_wconf 72' lang='lat' dir='ltr'><strong>imperpetuum,</strong></span> <span class='ocrx_word' id='word_1_60' title='bbox 716 2026 804 2086; x_wconf 87' lang='lat' dir='ltr'><strong>totas</strong></span> <span class='ocrx_word' id='word_1_61' title='bbox 837 2027 942 2086; x_wconf 88' lang='lat' dir='ltr'><strong>terras</strong></span> <span class='ocrx_word' id='word_1_62' title='bbox 974 2042 1049 2085; x_wconf 85' lang='lat' dir='ltr'><strong>suas</strong></span> <span class='ocrx_word' id='word_1_63' title='bbox 1081 2020 1117 2084; x_wconf 93' lang='lat' dir='ltr'><strong>in</strong></span> <span class='ocrx_word' id='word_1_64' title='bbox 1149 2019 1185 2084; x_wconf 85' lang='lat' dir='ltr'><strong>la</strong></span> <span class='ocrx_word' id='word_1_65' title='bbox 1217 2020 1330 2084; x_wconf 85' lang='lat' dir='ltr'><strong>Rowc-</strong></span> 
     </span>
     <span class='ocr_line' id='line_1_11' title="bbox 275 2121 1327 2210; baseline -0.002 -22"><span class='ocrx_word' id='word_1_66' title='bbox 275 2145 378 2189; x_wconf 82' lang='lat' dir='ltr'><strong>mersa</strong></span> <span class='ocrx_word' id='word_1_67' title='bbox 400 2124 437 2188; x_wconf 92' lang='lat' dir='ltr'><strong>in</strong></span> <span class='ocrx_word' id='word_1_68' title='bbox 451 2130 546 2210; x_wconf 83' lang='lat' dir='ltr'><strong>parte</strong></span> <span class='ocrx_word' id='word_1_69' title='bbox 561 2124 698 2189; x_wconf 76' lang='lat' dir='ltr'><strong>australi</strong></span> <span class='ocrx_word' id='word_1_70' title='bbox 722 2124 763 2189; x_wconf 92' lang='lat' dir='ltr'><strong>de</strong></span> <span class='ocrx_word' id='word_1_71' title='bbox 779 2123 814 2188; x_wconf 85' lang='lat' dir='ltr'><strong>lo</strong></span> <span class='ocrx_word' id='word_1_72' title='bbox 836 2121 1030 2209; x_wconf 81' lang='lat' dir='ltr'><strong>Homorofta</strong></span> <span class='ocrx_word' id='word_1_73' title='bbox 1052 2124 1094 2188; x_wconf 91' lang='lat' dir='ltr'><strong>de</strong></span> <span class='ocrx_word' id='word_1_74' title='bbox 1110 2121 1327 2201; x_wconf 83' lang='lat' dir='ltr'><strong>Fouleswikc,</strong></span> 
     </span>
     <span class='ocr_line' id='line_1_12' title="bbox 275 2224 1331 2310; baseline -0.001 -21"><span class='ocrx_word' id='word_1_75' title='bbox 275 2231 310 2289; x_wconf 92' lang='lat' dir='ltr'><strong>et</strong></span> <span class='ocrx_word' id='word_1_76' title='bbox 339 2225 428 2310; x_wconf 86' lang='lat' dir='ltr'><strong>ipsas</strong></span> <span class='ocrx_word' id='word_1_77' title='bbox 459 2230 564 2290; x_wconf 85' lang='lat' dir='ltr'><strong>terras</strong></span> <span class='ocrx_word' id='word_1_78' title='bbox 599 2225 758 2290; x_wconf 86' lang='lat' dir='ltr'><strong>claudant</strong></span> <span class='ocrx_word' id='word_1_79' title='bbox 792 2229 826 2290; x_wconf 90' lang='lat' dir='ltr'><strong>et</strong></span> <span class='ocrx_word' id='word_1_80' title='bbox 860 2225 895 2289; x_wconf 92' lang='lat' dir='ltr'><strong>in</strong></span> <span class='ocrx_word' id='word_1_81' title='bbox 918 2224 1052 2290; x_wconf 88' lang='lat' dir='ltr'><strong>defenso</strong></span> <span class='ocrx_word' id='word_1_82' title='bbox 1075 2230 1222 2300; x_wconf 87' lang='lat' dir='ltr'><strong>teneant,</strong></span> <span class='ocrx_word' id='word_1_83' title='bbox 1246 2245 1331 2288; x_wconf 86' lang='lat' dir='ltr'><strong>una-</strong></span> 
     </span>
     <span class='ocr_line' id='line_1_13' title="bbox 276 2325 1330 2413; baseline -0.002 -21"><span class='ocrx_word' id='word_1_84' title='bbox 276 2349 351 2392; x_wconf 89' lang='lat' dir='ltr'><strong>cum</strong></span> <span class='ocrx_word' id='word_1_85' title='bbox 373 2326 432 2391; x_wconf 87' lang='lat' dir='ltr'><strong>illa</strong></span> <span class='ocrx_word' id='word_1_86' title='bbox 454 2327 588 2393; x_wconf 88' lang='lat' dir='ltr'><strong>brechia</strong></span> <span class='ocrx_word' id='word_1_87' title='bbox 610 2349 684 2413; x_wconf 74' lang='lat' dir='ltr'><strong>quae</strong></span> <span class='ocrx_word' id='word_1_88' title='bbox 707 2327 773 2392; x_wconf 82' lang='lat' dir='ltr'><strong>fuit</strong></span> <span class='ocrx_word' id='word_1_89' title='bbox 795 2327 912 2393; x_wconf 85' lang='lat' dir='ltr'><strong>Aliciee</strong></span> <span class='ocrx_word' id='word_1_90' title='bbox 935 2325 969 2391; x_wconf 86' lang='lat' dir='ltr'><strong>la</strong></span> <span class='ocrx_word' id='word_1_91' title='bbox 991 2326 1151 2392; x_wconf 87' lang='lat' dir='ltr'><strong>Paumere</strong></span> <span class='ocrx_word' id='word_1_92' title='bbox 1175 2328 1216 2392; x_wconf 93' lang='lat' dir='ltr'><strong>de</strong></span> <span class='ocrx_word' id='word_1_93' title='bbox 1234 2327 1330 2390; x_wconf 91' lang='lat' dir='ltr'><strong>Alin-</strong></span> 
     </span>
     <span class='ocr_line' id='line_1_14' title="bbox 279 2428 1329 2515; baseline -0.001 -21"><span class='ocrx_word' id='word_1_94' title='bbox 279 2434 362 2506; x_wconf 90' lang='lat' dir='ltr'><strong>tone,</strong></span> <span class='ocrx_word' id='word_1_95' title='bbox 379 2451 454 2494; x_wconf 90' lang='lat' dir='ltr'><strong>cum</strong></span> <span class='ocrx_word' id='word_1_96' title='bbox 481 2429 634 2494; x_wconf 88' lang='lat' dir='ltr'><strong>omnibus</strong></span> <span class='ocrx_word' id='word_1_97' title='bbox 655 2429 829 2494; x_wconf 83' lang='lat' dir='ltr'><strong>dominicis</strong></span> <span class='ocrx_word' id='word_1_98' title='bbox 852 2429 949 2494; x_wconf 88' lang='lat' dir='ltr'><strong>terris</strong></span> <span class='ocrx_word' id='word_1_99' title='bbox 972 2429 1206 2515; x_wconf 83' lang='lat' dir='ltr'><strong>praedictorum</strong></span> <span class='ocrx_word' id='word_1_100' title='bbox 1229 2428 1329 2494; x_wconf 89' lang='lat' dir='ltr'><strong>abba·</strong></span> 
     </span>
     <span class='ocr_line' id='line_1_15' title="bbox 277 2529 1331 2617; baseline 0.001 -22"><span class='ocrx_word' id='word_1_101' title='bbox 277 2531 321 2595; x_wconf 91' lang='lat' dir='ltr'><strong>tis</strong></span> <span class='ocrx_word' id='word_1_102' title='bbox 336 2535 371 2596; x_wconf 89' lang='lat' dir='ltr'><strong>et</strong></span> <span class='ocrx_word' id='word_1_103' title='bbox 392 2535 576 2596; x_wconf 85' lang='lat' dir='ltr'><strong>conventus</strong></span> <span class='ocrx_word' id='word_1_104' title='bbox 599 2531 707 2596; x_wconf 88' lang='lat' dir='ltr'><strong>eidem</strong></span> <span class='ocrx_word' id='word_1_105' title='bbox 729 2530 872 2596; x_wconf 83' lang='lat' dir='ltr'><strong>brechiae</strong></span> <span class='ocrx_word' id='word_1_106' title='bbox 897 2531 1134 2617; x_wconf 84' lang='lat' dir='ltr'><strong>adjacentibus,</strong></span> <span class='ocrx_word' id='word_1_107' title='bbox 1150 2531 1194 2595; x_wconf 86' lang='lat' dir='ltr'><strong>ab</strong></span> <span class='ocrx_word' id='word_1_108' title='bbox 1209 2529 1331 2616; x_wconf 85' lang='lat' dir='ltr'><strong>angulo</strong></span> 
     </span>
     <span class='ocr_line' id='line_1_16' title="bbox 276 2630 1331 2720; baseline -0.002 -23"><span class='ocrx_word' id='word_1_109' title='bbox 276 2633 462 2719; x_wconf 72' lang='lat' dir='ltr'><strong>aquilonari</strong></span> <span class='ocrx_word' id='word_1_110' title='bbox 497 2632 610 2698; x_wconf 82' lang='lat' dir='ltr'><strong>croftae</strong></span> <span class='ocrx_word' id='word_1_111' title='bbox 643 2634 684 2699; x_wconf 90' lang='lat' dir='ltr'><strong>de</strong></span> <span class='ocrx_word' id='word_1_112' title='bbox 708 2632 929 2711; x_wconf 82' lang='lat' dir='ltr'><strong>Fouleswike,</strong></span> <span class='ocrx_word' id='word_1_113' title='bbox 963 2656 1038 2719; x_wconf 76' lang='lat' dir='ltr'><strong>quse</strong></span> <span class='ocrx_word' id='word_1_114' title='bbox 1073 2633 1265 2720; x_wconf 87' lang='lat' dir='ltr'><strong>appellatur</strong></span> <span class='ocrx_word' id='word_1_115' title='bbox 1301 2630 1331 2696; x_wconf 85' lang='lat' dir='ltr'><strong>le</strong></span> 
     </span>
     <span class='ocr_line' id='line_1_17' title="bbox 278 2734 1332 2821; baseline -0.001 -20"><span class='ocrx_word' id='word_1_116' title='bbox 278 2734 394 2815; x_wconf 73' lang='lat' dir='ltr'><strong>Inlok,</strong></span> <span class='ocrx_word' id='word_1_117' title='bbox 419 2735 541 2801; x_wconf 89' lang='lat' dir='ltr'><strong>directe</strong></span> <span class='ocrx_word' id='word_1_118' title='bbox 572 2735 615 2800; x_wconf 89' lang='lat' dir='ltr'><strong>ad</strong></span> <span class='ocrx_word' id='word_1_119' title='bbox 646 2735 813 2821; x_wconf 88' lang='lat' dir='ltr'><strong>spinetum</strong></span> <span class='ocrx_word' id='word_1_120' title='bbox 845 2736 886 2801; x_wconf 90' lang='lat' dir='ltr'><strong>de</strong></span> <span class='ocrx_word' id='word_1_121' title='bbox 918 2736 1064 2814; x_wconf 87' lang='lat' dir='ltr'><strong>Jattone,</strong></span> <span class='ocrx_word' id='word_1_122' title='bbox 1091 2757 1236 2802; x_wconf 85' lang='lat' dir='ltr'><strong>unacum</strong></span> <span class='ocrx_word' id='word_1_123' title='bbox 1265 2734 1332 2800; x_wconf 86' lang='lat' dir='ltr'><strong>illis</strong></span> 
     </span>
     <span class='ocr_line' id='line_1_18' title="bbox 277 2837 1332 2926; baseline -0.001 -23"><span class='ocrx_word' id='word_1_124' title='bbox 277 2838 384 2903; x_wconf 87' lang='lat' dir='ltr'><strong>tribus</strong></span> <span class='ocrx_word' id='word_1_125' title='bbox 399 2838 484 2904; x_wconf 87' lang='lat' dir='ltr'><strong>acris</strong></span> <span class='ocrx_word' id='word_1_126' title='bbox 506 2843 604 2904; x_wconf 80' lang='lat' dir='ltr'><strong>terrae</strong></span> <span class='ocrx_word' id='word_1_127' title='bbox 627 2844 662 2903; x_wconf 90' lang='lat' dir='ltr'><strong>et</strong></span> <span class='ocrx_word' id='word_1_128' title='bbox 684 2838 825 2905; x_wconf 86' lang='lat' dir='ltr'><strong>dimidia</strong></span> <span class='ocrx_word' id='word_1_129' title='bbox 840 2838 883 2903; x_wconf 88' lang='lat' dir='ltr'><strong>ad</strong></span> <span class='ocrx_word' id='word_1_130' title='bbox 907 2845 1037 2926; x_wconf 89' lang='lat' dir='ltr'><strong>portam</strong></span> <span class='ocrx_word' id='word_1_131' title='bbox 1056 2839 1097 2905; x_wconf 91' lang='lat' dir='ltr'><strong>de</strong></span> <span class='ocrx_word' id='word_1_132' title='bbox 1120 2837 1332 2904; x_wconf 87' lang='lat' dir='ltr'><strong>Fouleswike</strong></span> 
     </span>
     <span class='ocr_line' id='line_1_19' title="bbox 278 2933 1333 3026; baseline 0.001 -21"><span class='ocrx_word' id='word_1_133' title='bbox 278 2961 377 3026; x_wconf 88' lang='lat' dir='ltr'><strong>super</strong></span> <span class='ocrx_word' id='word_1_134' title='bbox 399 2939 435 3006; x_wconf 85' lang='lat' dir='ltr'><strong>lo</strong></span> <span class='ocrx_word' id='word_1_135' title='bbox 456 2938 601 3006; x_wconf 80' lang='lat' dir='ltr'><strong>Bocome.</strong></span> <span class='ocrx_word' id='word_1_136' title='bbox 660 2939 715 3005; x_wconf 84' lang='lat' dir='ltr'><strong>Ita</strong></span> <span class='ocrx_word' id='word_1_137' title='bbox 737 2945 851 3005; x_wconf 89' lang='lat' dir='ltr'><strong>tamen</strong></span> <span class='ocrx_word' id='word_1_138' title='bbox 874 2941 961 3026; x_wconf 91' lang='lat' dir='ltr'><strong>quod</strong></span> <span class='ocrx_word' id='word_1_139' title='bbox 985 2963 1053 3026; x_wconf 82' lang='lat' dir='ltr'><strong>pree</strong></span> <span class='ocrx_word' id='word_1_140' title='bbox 1076 2933 1207 3007; x_wconf 87' lang='lat' dir='ltr'><strong>defectu</strong></span> <span class='ocrx_word' id='word_1_141' title='bbox 1229 2940 1333 3007; x_wconf 84' lang='lat' dir='ltr'><strong>claus-</strong></span> 
     </span>
     <span class='ocr_line' id='line_1_20' title="bbox 278 3040 1332 3127; baseline 0.001 -21"><span class='ocrx_word' id='word_1_142' title='bbox 278 3047 363 3108; x_wconf 80' lang='lat' dir='ltr'><strong>turae</strong></span> <span class='ocrx_word' id='word_1_143' title='bbox 378 3042 414 3106; x_wconf 93' lang='lat' dir='ltr'><strong>in</strong></span> <span class='ocrx_word' id='word_1_144' title='bbox 429 3042 595 3127; x_wconf 72' lang='lat' dir='ltr'><strong>praedictis</strong></span> <span class='ocrx_word' id='word_1_145' title='bbox 611 3043 708 3108; x_wconf 84' lang='lat' dir='ltr'><strong>terris</strong></span> <span class='ocrx_word' id='word_1_146' title='bbox 723 3040 841 3120; x_wconf 74' lang='lat' dir='ltr'><strong>factae,l</strong></span> <span class='ocrx_word' id='word_1_147' title='bbox 864 3043 976 3108; x_wconf 84' lang='lat' dir='ltr'><strong>averia</strong></span> <span class='ocrx_word' id='word_1_148' title='bbox 998 3065 1072 3108; x_wconf 89' lang='lat' dir='ltr'><strong>mea</strong></span> <span class='ocrx_word' id='word_1_149' title='bbox 1098 3043 1153 3109; x_wconf 90' lang='lat' dir='ltr'><strong>vel</strong></span> <span class='ocrx_word' id='word_1_150' title='bbox 1174 3043 1332 3108; x_wconf 88' lang='lat' dir='ltr'><strong>heredum</strong></span> 
     </span>
     <span class='ocr_line' id='line_1_21' title="bbox 279 3144 1334 3231; baseline 0.002 -22"><span class='ocrx_word' id='word_1_151' title='bbox 279 3165 426 3210; x_wconf 90' lang='lat' dir='ltr'><strong>meorum</strong></span> <span class='ocrx_word' id='word_1_152' title='bbox 457 3165 555 3229; x_wconf 90' lang='lat' dir='ltr'><strong>super</strong></span> <span class='ocrx_word' id='word_1_153' title='bbox 586 3149 691 3210; x_wconf 82' lang='lat' dir='ltr'><strong>terras</strong></span> <span class='ocrx_word' id='word_1_154' title='bbox 723 3144 898 3230; x_wconf 75' lang='lat' dir='ltr'><strong>praedictas</strong></span> <span class='ocrx_word' id='word_1_155' title='bbox 929 3145 1077 3222; x_wconf 83' lang='lat' dir='ltr'><strong>inventa,</strong></span> <span class='ocrx_word' id='word_1_156' title='bbox 1108 3165 1175 3210; x_wconf 90' lang='lat' dir='ltr'><strong>non</strong></span> <span class='ocrx_word' id='word_1_157' title='bbox 1205 3146 1334 3231; x_wconf 88' lang='lat' dir='ltr'><strong>possint</strong></span> 
     </span>
     <span class='ocr_line' id='line_1_22' title="bbox 279 3245 1332 3334; baseline 0.002 -23"><span class='ocrx_word' id='word_1_158' title='bbox 279 3246 477 3333; x_wconf 87' lang='lat' dir='ltr'><strong>imparkare,</strong></span> <span class='ocrx_word' id='word_1_159' title='bbox 509 3245 564 3311; x_wconf 90' lang='lat' dir='ltr'><strong>vel</strong></span> <span class='ocrx_word' id='word_1_160' title='bbox 599 3246 728 3332; x_wconf 86' lang='lat' dir='ltr'><strong>aliquas</strong></span> <span class='ocrx_word' id='word_1_161' title='bbox 763 3249 920 3312; x_wconf 86' lang='lat' dir='ltr'><strong>emendas</strong></span> <span class='ocrx_word' id='word_1_162' title='bbox 954 3268 1069 3333; x_wconf 85' lang='lat' dir='ltr'><strong>capere</strong></span> <span class='ocrx_word' id='word_1_163' title='bbox 1103 3247 1159 3312; x_wconf 91' lang='lat' dir='ltr'><strong>vel</strong></span> <span class='ocrx_word' id='word_1_164' title='bbox 1193 3249 1332 3334; x_wconf 79' lang='lat' dir='ltr'><strong>exigere.</strong></span> 
     </span>
     <span class='ocr_line' id='line_1_23' title="bbox 280 3347 1333 3435; baseline 0.001 -23"><span class='ocrx_word' id='word_1_165' title='bbox 280 3347 324 3413; x_wconf 79' lang='lat' dir='ltr'><strong>lit</strong></span> <span class='ocrx_word' id='word_1_166' title='bbox 342 3348 378 3412; x_wconf 92' lang='lat' dir='ltr'><strong>in</strong></span> <span class='ocrx_word' id='word_1_167' title='bbox 393 3347 620 3414; x_wconf 89' lang='lat' dir='ltr'><strong>testimonium</strong></span> <span class='ocrx_word' id='word_1_168' title='bbox 639 3347 740 3434; x_wconf 89' lang='lat' dir='ltr'><strong>hujus</strong></span> <span class='ocrx_word' id='word_1_169' title='bbox 755 3349 971 3414; x_wconf 84' lang='lat' dir='ltr'><strong>concessionis</strong></span> <span class='ocrx_word' id='word_1_170' title='bbox 989 3371 1080 3426; x_wconf 82' lang='lat' dir='ltr'><strong>meae,</strong></span> <span class='ocrx_word' id='word_1_171' title='bbox 1097 3349 1159 3414; x_wconf 90' lang='lat' dir='ltr'><strong>hoc</strong></span> <span class='ocrx_word' id='word_1_172' title='bbox 1173 3350 1333 3435; x_wconf 87' lang='lat' dir='ltr'><strong>scriptum</strong></span> 
     </span>
     <span class='ocr_line' id='line_1_24' title="bbox 279 3449 1334 3537; baseline 0.003 -24"><span class='ocrx_word' id='word_1_173' title='bbox 279 3449 474 3535; x_wconf 87' lang='lat' dir='ltr'><strong>bipartitum</strong></span> <span class='ocrx_word' id='word_1_174' title='bbox 504 3449 593 3514; x_wconf 82' lang='lat' dir='ltr'><strong>inber</strong></span> <span class='ocrx_word' id='word_1_175' title='bbox 614 3471 674 3514; x_wconf 89' lang='lat' dir='ltr'><strong>nos</strong></span> <span class='ocrx_word' id='word_1_176' title='bbox 697 3456 748 3515; x_wconf 89' lang='lat' dir='ltr'><strong>est</strong></span> <span class='ocrx_word' id='word_1_177' title='bbox 774 3449 967 3528; x_wconf 79' lang='lat' dir='ltr'><strong>confectum,</strong></span> <span class='ocrx_word' id='word_1_178' title='bbox 998 3457 1033 3516; x_wconf 90' lang='lat' dir='ltr'><strong>et</strong></span> <span class='ocrx_word' id='word_1_179' title='bbox 1063 3450 1181 3537; x_wconf 87' lang='lat' dir='ltr'><strong>sigillis</strong></span> <span class='ocrx_word' id='word_1_180' title='bbox 1212 3451 1334 3516; x_wconf 87' lang='lat' dir='ltr'><strong>nostris</strong></span> 
     </span>
    </p>

    <p class='ocr_par' dir='ltr' id='par_1_4' title="bbox 280 3550 1233 3638">
     <span class='ocr_line' id='line_1_25' title="bbox 280 3550 1233 3638; baseline 0 -22"><span class='ocrx_word' id='word_1_181' title='bbox 280 3550 471 3616; x_wconf 72' lang='lat' dir='ltr'><strong>alternatim</strong></span> <span class='ocrx_word' id='word_1_182' title='bbox 494 3550 649 3638; x_wconf 86' lang='lat' dir='ltr'><strong>appensis</strong></span> <span class='ocrx_word' id='word_1_183' title='bbox 672 3552 849 3616; x_wconf 88' lang='lat' dir='ltr'><strong>munitum.</strong></span> <span class='ocrx_word' id='word_1_184' title='bbox 898 3552 976 3617; x_wconf 85' lang='lat' dir='ltr'><strong>Hiis</strong></span> <span class='ocrx_word' id='word_1_185' title='bbox 998 3552 1151 3632; x_wconf 86' lang='lat' dir='ltr'><strong>testibus,</strong></span> <span class='ocrx_word' id='word_1_186' title='bbox 1175 3558 1233 3617; x_wconf 89' lang='lat' dir='ltr'><strong>etc.</strong></span> 
     </span>
    </p>
   </div>
   <div class='ocr_carea' id='block_1_4' title="bbox 550 3811 1067 4033">
    <p class='ocr_par' dir='ltr' id='par_1_5' title="bbox 550 3811 1067 4033">
     <span class='ocr_line' id='line_1_26' title="bbox 630 3811 985 3878; baseline -0.003 0"><span class='ocrx_word' id='word_1_187' title='bbox 630 3813 709 3878; x_wconf 81' lang='lat' dir='ltr'>OAP.</span> <span class='ocrx_word' id='word_1_188' title='bbox 734 3811 985 3878; x_wconf 69' lang='lat' dir='ltr'><strong>ccclxxxv.</strong></span> 
     </span>
     <span class='ocr_line' id='line_1_27' title="bbox 550 3964 1067 4033; baseline 0.006 -3"><span class='ocrx_word' id='word_1_189' title='bbox 550 3966 655 4032; x_wconf 67' lang='lat' dir='ltr'><strong>corta</strong></span> <span class='ocrx_word' id='word_1_190' title='bbox 678 3964 815 4031; x_wconf 82' lang='lat' dir='ltr'><strong>Roharti</strong></span> <span class='ocrx_word' id='word_1_191' title='bbox 838 3965 878 4031; x_wconf 74' lang='lat' dir='ltr'><strong>da</strong></span> <span class='ocrx_word' id='word_1_192' title='bbox 900 3965 1067 4033; x_wconf 77' lang='lat' dir='ltr'><strong>Hciwode.</strong></span> 
     </span>
    </p>
   </div>
   <div class='ocr_carea' id='block_1_5' title="bbox 284 4115 1452 4620">
    <p class='ocr_par' dir='ltr' id='par_1_6' title="bbox 284 4115 1452 4620">
     <span class='ocr_line' id='line_1_28' title="bbox 327 4115 1452 4209; baseline 0.005 -27"><span class='ocrx_word' id='word_1_193' title='bbox 327 4116 502 4182; x_wconf 89' lang='lat' dir='ltr'><strong>Universis</strong></span> <span class='ocrx_word' id='word_1_194' title='bbox 526 4115 652 4182; x_wconf 83' lang='lat' dir='ltr'><strong>Christi</strong></span> <span class='ocrx_word' id='word_1_195' title='bbox 674 4115 828 4181; x_wconf 87' lang='lat' dir='ltr'><strong>fidelibus</strong></span> <span class='ocrx_word' id='word_1_196' title='bbox 850 4139 994 4204; x_wconf 86' lang='lat' dir='ltr'><strong>praesens</strong></span> <span class='ocrx_word' id='word_1_197' title='bbox 1025 4121 1185 4207; x_wconf 90' lang='lat' dir='ltr'><strong>scriptum</strong></span> <span class='ocrx_word' id='word_1_198' title='bbox 1208 4123 1335 4209; x_wconf 89' lang='lat' dir='ltr'><strong>inspeo·</strong></span> <span class='ocrx_word' id='word_1_199' title='bbox 1349 4137 1452 4190; x_wconf 72' lang='lat' dir='ltr'><strong>similar</strong></span> 
     </span>
     <span class='ocr_line' id='line_1_29' title="bbox 284 4211 1430 4296; baseline 0.006 -13"><span class='ocrx_word' id='word_1_200' title='bbox 284 4219 377 4295; x_wconf 87' lang='lat' dir='ltr'><strong>turis,</strong></span> <span class='ocrx_word' id='word_1_201' title='bbox 400 4218 566 4283; x_wconf 87' lang='lat' dir='ltr'><strong>Robertus</strong></span> <span class='ocrx_word' id='word_1_202' title='bbox 581 4218 622 4282; x_wconf 89' lang='lat' dir='ltr'><strong>de</strong></span> <span class='ocrx_word' id='word_1_203' title='bbox 646 4217 819 4296; x_wconf 87' lang='lat' dir='ltr'><strong>Heiwode,</strong></span> <span class='ocrx_word' id='word_1_204' title='bbox 842 4219 982 4285; x_wconf 84' lang='lat' dir='ltr'><strong>salutem</strong></span> <span class='ocrx_word' id='word_1_205' title='bbox 1010 4227 1169 4288; x_wconf 83' lang='lat' dir='ltr'><strong>aeternam</strong></span> <span class='ocrx_word' id='word_1_206' title='bbox 1200 4225 1236 4288; x_wconf 93' lang='lat' dir='ltr'><strong>in</strong></span> <span class='ocrx_word' id='word_1_207' title='bbox 1267 4224 1334 4290; x_wconf 92' lang='lat' dir='ltr'><strong>Do·</strong></span> <span class='ocrx_word' id='word_1_208' title='bbox 1347 4211 1430 4272; x_wconf 57' lang='grc' dir='ltr'><em>Μ</em></span> 
     </span>
     <span class='ocr_line' id='line_1_30' title="bbox 284 4321 1334 4416; baseline 0.008 -29"><span class='ocrx_word' id='word_1_209' title='bbox 284 4324 382 4388; x_wconf 92' lang='lat' dir='ltr'><strong>mino.</strong></span> <span class='ocrx_word' id='word_1_210' title='bbox 443 4321 587 4388; x_wconf 87' lang='lat' dir='ltr'><strong>Noverit</strong></span> <span class='ocrx_word' id='word_1_211' title='bbox 609 4323 812 4390; x_wconf 83' lang='lat' dir='ltr'><strong>universitas</strong></span> <span class='ocrx_word' id='word_1_212' title='bbox 835 4331 948 4391; x_wconf 88' lang='lat' dir='ltr'><strong>vestra</strong></span> <span class='ocrx_word' id='word_1_213' title='bbox 970 4349 1023 4392; x_wconf 89' lang='lat' dir='ltr'><strong>me</strong></span> <span class='ocrx_word' id='word_1_214' title='bbox 1046 4329 1252 4408; x_wconf 80' lang='lat' dir='ltr'><strong>concessisse,</strong></span> <span class='ocrx_word' id='word_1_215' title='bbox 1274 4352 1334 4416; x_wconf 92' lang='lat' dir='ltr'><strong>pro</strong></span> 
     </span>
     <span class='ocr_line' id='line_1_31' title="bbox 284 4425 1335 4512; baseline 0.007 -22"><span class='ocrx_word' id='word_1_216' title='bbox 284 4449 336 4490; x_wconf 89' lang='lat' dir='ltr'><strong>me</strong></span> <span class='ocrx_word' id='word_1_217' title='bbox 370 4430 406 4490; x_wconf 90' lang='lat' dir='ltr'><strong>et</strong></span> <span class='ocrx_word' id='word_1_218' title='bbox 440 4425 616 4490; x_wconf 86' lang='lat' dir='ltr'><strong>heredibus</strong></span> <span class='ocrx_word' id='word_1_219' title='bbox 650 4425 741 4503; x_wconf 91' lang='lat' dir='ltr'><strong>meis,</strong></span> <span class='ocrx_word' id='word_1_220' title='bbox 775 4426 918 4512; x_wconf 92' lang='lat' dir='ltr'><strong>dompno</strong></span> <span class='ocrx_word' id='word_1_221' title='bbox 942 4428 1111 4495; x_wconf 87' lang='lat' dir='ltr'><strong>Willclmo</strong></span> <span class='ocrx_word' id='word_1_222' title='bbox 1144 4431 1259 4497; x_wconf 86' lang='lat' dir='ltr'><strong>abbati</strong></span> <span class='ocrx_word' id='word_1_223' title='bbox 1294 4432 1335 4497; x_wconf 87' lang='lat' dir='ltr'><strong>de</strong></span> 
     </span>
     <span class='ocr_line' id='line_1_32' title="bbox 284 4525 1335 4620; baseline 0.005 -29"><span class='ocrx_word' id='word_1_224' title='bbox 284 4526 529 4604; x_wconf 83' lang='lat' dir='ltr'><strong>hialmesburia‚</strong></span> <span class='ocrx_word' id='word_1_225' title='bbox 565 4530 599 4592; x_wconf 89' lang='lat' dir='ltr'><strong>et</strong></span> <span class='ocrx_word' id='word_1_226' title='bbox 637 4525 785 4611; x_wconf 87' lang='lat' dir='ltr'><strong>ejusdem</strong></span> <span class='ocrx_word' id='word_1_227' title='bbox 824 4527 886 4593; x_wconf 90' lang='lat' dir='ltr'><strong>loci</strong></span> <span class='ocrx_word' id='word_1_228' title='bbox 925 4531 1112 4609; x_wconf 80' lang='lat' dir='ltr'><strong>conventui,</strong></span> <span class='ocrx_word' id='word_1_229' title='bbox 1145 4533 1233 4617; x_wconf 92' lang='lat' dir='ltr'><strong>quod</strong></span> <span class='ocrx_word' id='word_1_230' title='bbox 1272 4534 1335 4620; x_wconf 92' lang='lat' dir='ltr'><strong>ipsi</strong></span> 
     </span>
    </p>
   </div>
   <div class='ocr_carea' id='block_1_6' title="bbox 668 4765 944 4832">
    <p class='ocr_par' dir='ltr' id='par_1_7' title="bbox 668 4765 944 4832">
     <span class='ocr_line' id='line_1_33' title="bbox 668 4765 944 4832; baseline 0.007 -16"><span class='ocrx_word' id='word_1_231' title='bbox 668 4765 675 4797; x_wconf 90' lang='lat'><strong>¹</strong></span> <span class='ocrx_word' id='word_1_232' title='bbox 685 4765 785 4832; x_wconf 60' lang='lat' dir='ltr'><strong>aaa]</strong></span> <span class='ocrx_word' id='word_1_233' title='bbox 799 4766 875 4829; x_wconf 63' lang='lat' dir='ltr'><strong>aaa,</strong></span> <span class='ocrx_word' id='word_1_234' title='bbox 887 4768 944 4820; x_wconf 88' lang='lat' dir='ltr'><strong>us.</strong></span> 
     </span>
    </p>
   </div>
   <div class='ocr_carea' id='block_1_7' title="bbox 0 0 1786 5810">
    <p class='ocr_par' dir='ltr' id='par_1_8' title="bbox 0 0 1786 5810">
     <span class='ocr_line' id='line_1_34' title="bbox 0 0 1786 5810; baseline 0 0"><span class='ocrx_word' id='word_1_235' title='bbox 0 0 1786 5810; x_wconf 95' lang='lat' dir='ltr'><strong> </strong></span> 
     </span>
    </p>
   </div>
  </div>
 </body>
</html>
