3578 5808
547 901 746 954 caeremon
768 899 1094 955 nmnmaomrrsr.
1306 883 1350 956 73

690 1141 769 1208 Gar.
795 1139 962 1208 ccxvrl.

297 1305 464 1394 Oblipatio
495 1307 644 1393 ejaadam
677 1307 833 1394 (letfridi
863 1307 903 1374 da
933 1305 1187 1394 indempnitate
1222 1303 1352 1373 abbatia

697 1418 726 1478 at
747 1417 938 1478 coavoataa

340 1561 494 1630 Uaivers
485 1586 514 1628 ra
537 1564 581 1630 ad
604 1585 686 1650 quos
708 1585 851 1651 praesens
874 1563 1035 1649 scriptum
1051 1561 1246 1648 pervenerit,
1263 1562 1352 1628 Gau·
1365 1554 1513 1620 oblgation

297 1665 402 1729 fridus
444 1664 485 1732 de
518 1666 709 1752 Syfrewaat,
749 1666 890 1731 salutem
928 1669 1087 1731 aeternam
1124 1664 1160 1728 in
1199 1663 1351 1730 Domino.
1364 1622 1492 1739 dialem

297 1765 438 1832 Noverit
424 1767 668 1834 huniversitaa
706 1772 818 1834 vestra
855 1767 945 1854 quod
982 1788 1058 1832 cum
1094 1765 1273 1851 aliquando
1310 1765 1352 1830 lis
1366 1755 1492 1820 oeoffrey.

297 1873 387 1934 mota
410 1874 496 1935 esset
517 1869 606 1935 inter
628 1869 800 1936 dominum
831 1891 943 1934 meum
974 1868 1130 1934 abbatem
1153 1867 1383 1935 Malmasbu-
1364 1833 1476 1884 lm

297 1971 355 2036 riae
377 1976 536 2057 exparte
570 1991 638 2037 una
672 1977 709 2036 et
741 1993 794 2037 me
825 1993 868 2037 ex
898 1970 1053 2048 altera,
1044 1993 1080 2036 ιιι
1102 1971 1194 2038 curia
1227 1970 1353 2036 domini

297 2073 382 2160 regis
404 2096 503 2161 super
534 2074 631 2141 sectis
664 2078 699 2140 ot
731 2071 1034 2152 consuetudinibus,
1057 2073 1099 2138 lis
1131 2074 1172 2138 de
1206 2073 1352 2139 virorum

298 2175 511 2242 discretorum
536 2175 680 2254 oonsilio,
703 2175 790 2242 sicut
821 2175 858 2240 in
880 2181 971 2242 carta
993 2175 1082 2240 inter
1115 2197 1175 2241 nos
1207 2174 1354 2242 confecta

296 2278 426 2364 plenius
448 2277 645 2355 continetur,
677 2277 895 2344 amicabiliter
917 2277 1109 2364 conquievit
1121 2301 1128 2358 ;
1158 2277 1247 2342 unde
1279 2277 1353 2342 uni·

297 2379 490 2446 vcraitatem
524 2387 671 2446 vestram
703 2379 785 2446 scire
819 2379 973 2446 volumus
1002 2380 1092 2466 quod
1126 2379 1154 2444 ei
1186 2379 1353 2446 occasione
1419 2389 1423 2398 '

297 2482 366 2547 litia
401 2481 500 2548 dictae
522 2482 559 2546 in
597 2482 689 2548 curia
722 2481 848 2547 domini
887 2482 972 2568 regis
1010 2481 1181 2548 ventilatae
1218 2480 1353 2567 aliquod

297 2585 586 2652 amerciamentum
609 2584 786 2670 quaesitum
816 2584 925 2662 firerit,
949 2605 1008 2671 ego
1031 2585 1085 2649 vel
1117 2583 1253 2650 heredes
1287 2584 1353 2650 mei

298 2688 466 2753 dominum
489 2709 600 2752 meum
622 2686 777 2753 abbatem
800 2687 891 2752 omni
914 2687 1011 2752 modo
1032 2687 1302 2772 acquietabimus,
1318 2690 1353 2751 et

298 2775 438 2857 eundem
471 2794 505 2855 et
536 2790 671 2855 domum
703 2810 797 2854 suam
828 2793 945 2855 contra
978 2811 1090 2854 omnes
1121 2788 1270 2854 homines
1301 2789 1353 2852 in-

298 2893 472 2979 dempnem
495 2890 767 2958 conservabimua
815 2891 897 2957 Volo
922 2892 1022 2957 etiam
1046 2899 1079 2958 et
1102 2892 1241 2958 concedo
1265 2891 1353 2976 quod

298 2996 326 3060 si
349 2995 501 3060 dominor
524 3017 616 3060 meus
639 2995 741 3059 abbas
764 2993 932 3060 occasione
955 2993 1054 3060 dictae
1077 2993 1156 3072 litis,
1178 2994 1232 3060 vel
1248 3015 1352 3059 amer-

298 3098 453 3164 ciamcnti
487 3097 564 3162 inda
602 3097 836 3182 provenientia,
870 3096 983 3182 aliquo
1028 3101 1174 3182 tempore
1211 3101 1353 3162 vexatus

297 3199 405 3278 fuerit,
421 3199 559 3265 liberam
574 3199 896 3265 administrationem
911 3199 1060 3264 omnium
1082 3219 1191 3264 rerum
1206 3220 1353 3264 mearum

298 3301 469 3368 mobilium
492 3306 527 3367 et
558 3301 778 3366 immobilium
813 3301 849 3366 in
882 3301 966 3367 villa
997 3301 1038 3366 do
1071 3301 1189 3367 Avena
1212 3299 1354 3381 habeat3

299 3405 403 3471 donec
433 3405 463 3470 ei
486 3403 687 3489 adplenum
720 3403 929 3470 satisfactum
963 3403 1071 3470 fuerit.
1117 3403 1159 3468 In
1181 3402 1274 3489 cujus
1305 3403 1354 3469 rei

299 3506 527 3572 testimonium
549 3505 636 3572 hanc
659 3511 784 3574 cartam
806 3506 909 3593 sigilli
931 3506 997 3573 mei
1019 3505 1231 3593 impressione
1258 3506 1352 3574 robo-

298 3609 379 3676 ravi.
425 3609 503 3676 Hiia
526 3610 677 3689 testibus,
700 3615 759 3678 otc.

677 3866 757 3937 Uar,
782 3865 970 3938 CCXVIII.

359 4037 406 4106 Da
431 4034 570 4106 meanto
593 4033 765 4106 dormavioa'
786 4035 827 4104 ola
848 4034 1062 4106 Braalamtta
1086 4035 1227 4106 crocata
1248 4035 1297 4105 od

750 4139 908 4226 flanona

345 4291 427 4360 Hac
449 4295 500 4358 est
526 4289 703 4358 conventio
732 4290 821 4359 facta
850 4292 939 4358 inter
961 4289 1132 4358 dominum
1163 4289 1351 4360 Johannem
1364 4307 1442 4358 Farm
1453 4309 1483 4359 of

295 4395 453 4464 abbatem
483 4394 727 4461 Malmesburiaa
758 4399 792 4460 et
815 4393 962 4481 ejusdem
992 4393 1055 4463 loci
1078 4401 1279 4462 conventum
1309 4417 1352 4462 ex
1365 4373 1479 4491 ffiffkin

295 4504 392 4586 parte
422 4519 496 4575 una,
521 4503 556 4563 et
584 4497 755 4562 dominum
778 4496 990 4576 Willelmum,
1021 4503 1179 4564 rectorem
1209 4500 1352 4566 ecclcsiae
1365 4509 1453 4560 vorm

295 4603 341 4666 de
372 4600 602 4678 Brenkwrthe,
634 4622 676 4665 cx
708 4598 837 4680 altera;
874 4596 1036 4679 videlicet,
1076 4601 1165 4688 quod
1201 4603 1351 4688 praedicti

294 4703 401 4770 abbae
434 4707 469 4768 et
503 4707 685 4769 conventus
719 4701 931 4769 tradiderunt
963 4703 1120 4790 praedicto
1154 4699 1205 4770 W.
1239 4727 1352 4771 omnes

296 4803 439 4892 majores
462 4805 605 4873 decimas
627 4826 703 4872 suaa
734 4807 965 4892 provenientes
988 4807 1028 4872 de
1052 4806 1216 4874 dominico
1239 4829 1351 4875 eorum
