3566 5820
431 874 495 936 150
682 883 879 934 nncrsrsuu
904 883 1227 934 umnnssunmusr.

429 1071 519 1134 rnaui
542 1069 704 1135 Ysabellae
728 1071 767 1134 de
792 1070 906 1136 Cnollc
921 1093 982 1158 pro
996 1071 1133 1137 servicio
1156 1093 1215 1136 suo
1238 1092 1340 1134 unum
1357 1081 1485 1136 mestra-

428 1171 522 1253 gium
544 1192 618 1236 cum
651 1171 837 1257 curtillagio
872 1178 907 1236 et
941 1173 1014 1236 aliis
1047 1173 1259 1258 pertinentiis
1290 1173 1360 1236 suis
1382 1172 1484 1236 situm

430 1272 465 1333 in
487 1273 645 1337 suburbio
660 1273 749 1340 villae
766 1275 1016 1352 Malmmhnriae,
1032 1277 1067 1339 in
1090 1276 1232 1360 quodam
1255 1277 1329 1340 vieo
1352 1274 1470 1341 Brome

429 1373 484 1437 ool
515 1375 690 1460 appellato,
722 1376 809 1440 inter
842 1377 1045 1464 mesuagium
1068 1400 1178 1443 meum
1213 1383 1248 1442 et
1279 1379 1483 1464 mesuagium

429 1476 621 1540 monialium
652 1477 692 1541 de
727 1477 894 1562 Kyntone,
918 1480 1004 1564 quod
1038 1480 1172 1565 quidem
1207 1481 1412 1566 mesuagium
1444 1479 1484 1542 de

434 1577 596 1642 Willelmo
619 1577 722 1642 Riche
754 1579 922 1664 capellano
954 1579 1039 1658 emi;
1077 1579 1267 1644 habendum
1301 1585 1335 1645 et
1369 1585 1483 1645 tenen-

429 1681 508 1744 dum
532 1682 595 1745 sibi
619 1686 654 1745 et
676 1682 852 1746 heredibus
876 1683 944 1747 suis
968 1684 1023 1748 vel
1057 1683 1125 1748 suis
1156 1684 1332 1770 assignatis
1367 1685 1408 1748 de
1431 1706 1484 1748 me

429 1788 463 1846 et
485 1782 566 1848 meis
588 1781 773 1858 heredibus,
804 1783 858 1847 vel
889 1785 971 1848 meis
1001 1785 1186 1871 assignatis,
1224 1786 1334 1862 libere,
1373 1787 1485 1870 quiete

428 1884 670 1969 imperpetuum
704 1889 739 1948 et
772 1886 914 1970 pacifice,
947 1892 1047 1972 prout
1078 1909 1138 1972 ego
1172 1887 1368 1972 Radulphus
1399 1886 1484 1950 illud

427 1987 632 2073 mesuagium
656 2008 729 2052 cum
746 1988 954 2072 pertinentiis
970 1989 1108 2074 plenius,
1132 1989 1249 2053 melius
1272 1987 1326 2054 vel
1349 1988 1484 2053 uberius

427 2089 530 2154 habui
564 2089 617 2154 vel
652 2089 818 2175 possidere
855 2093 967 2176 potui:
1000 2091 1167 2156 reddendo
1199 2091 1275 2156 inde
1307 2090 1482 2157 annuatim

428 2193 500 2276 ipsa
522 2197 557 2258 et
579 2192 714 2258 heredes
745 2194 797 2256 sui
820 2193 873 2258 vel
896 2195 1065 2280 assignati,
1089 2193 1172 2258 mihi
1195 2199 1230 2258 et
1251 2194 1334 2258 meis
1356 2192 1485 2258 heredi·

429 2294 489 2357 bus
504 2293 559 2358 vel
582 2295 765 2379 assignatis,
782 2316 887 2358 unum
910 2295 1044 2360 obolum
1059 2296 1102 2360 ad
1125 2295 1248 2360 festum
1272 2295 1389 2360 Sancti
1411 2295 1483 2359 Au·

427 2395 562 2479 gustini,
585 2400 619 2458 et
634 2393 766 2460 domino
789 2394 903 2460 abbati
919 2394 1163 2460 Malmesburiae
1187 2401 1254 2460 tres
1270 2395 1431 2472 denarios,
1447 2395 1484 2458 in

427 2495 541 2560 eodem
573 2496 665 2571 feste,
689 2501 723 2560 et
755 2497 952 2582 capitalibus
985 2497 1128 2563 dominis
1162 2496 1254 2562 feodi
1284 2497 1329 2562 ad
1360 2497 1482 2561 festum

428 2597 541 2662 Sancti
578 2597 747 2662 Michaelis
770 2599 815 2662 ix.
842 2599 922 2678 den,
955 2621 1014 2684 pro
1047 2599 1137 2662 omni
1172 2599 1310 2664 servicio
1345 2598 1482 2664 seculari

426 2705 460 2764 et
483 2699 653 2777 demanda,
670 2699 770 2764 salvis
793 2700 1087 2766 consuetudinibus
1102 2707 1137 2766 et
1150 2699 1361 2766 libertatibus
1376 2701 1482 2786 burgi,

426 2802 470 2867 Et
493 2824 553 2888 ego
576 2824 653 2867 vero
677 2800 872 2888 Radulphus
904 2809 939 2868 et
972 2803 1108 2868 heredes
1139 2804 1204 2868 mei
1237 2801 1291 2866 vel
1323 2801 1486 2888 assignati

426 2905 491 2968 mei
514 2905 640 2970 dictum
664 2906 868 2990 mesuagium
891 2927 966 2968 cum
1001 2904 1188 2990 curtillagio
1211 2909 1246 2968 et
1276 2902 1351 2969 aliis
1381 2905 1482 2989 perti-

425 3008 548 3071 nentiis
572 3007 648 3084 suis,
671 3006 769 3072 dictae
785 3006 949 3072 Ysabellac
973 3012 1007 3072 et
1022 3009 1090 3071 suis
1105 3005 1280 3082 heredibus
1303 3005 1358 3070 vel
1380 3007 1481 3092 assig-

425 3115 514 3179 natis
551 3120 666 3179 contra
699 3135 811 3178 omnes
849 3112 1003 3179 mortales
1044 3113 1287 3198 imperpetuum
1326 3113 1481 3178 waranti-

424 3217 578 3283 zabimns.

471 3320 515 3384 Et
537 3326 577 3384 ut
599 3318 733 3384 donatio
757 3325 792 3384 et
814 3318 977 3388 concessio
1000 3340 1074 3385 mea
1097 3324 1131 3384 et
1152 3317 1253 3404 hujus
1276 3339 1358 3384 meae
1381 3323 1480 3384 cartae

425 3425 588 3488 warentia
618 3423 851 3508 perpetuitatis
884 3421 983 3486 robur
1016 3423 1198 3508 optineant,
1221 3427 1256 3486 et
1289 3421 1482 3488 inconeussa

426 3526 495 3590 sine
518 3525 584 3588 fine
606 3529 828 3609 permaneant,
844 3523 929 3588 hanc
951 3529 1146 3610 praesentem
1169 3529 1294 3588 cartam
1317 3525 1395 3588 inde
1418 3525 1482 3589 sibi

426 3627 498 3692 fieri
520 3626 592 3703 feci,
615 3633 650 3690 et
672 3626 772 3711 sigilli
796 3627 860 3690 mei
883 3626 1095 3711 impressione
1118 3625 1280 3691 roboravi.

776 3869 855 3936 Car.
880 3870 1129 3937 CCLXXXIII.

428 4014 548 4097 Quieto
572 4013 760 4082 cluniculis
792 4013 922 4080 obtectis
956 4022 984 4078 et
1017 4020 1197 4080 consecutus
1228 4010 1482 4080 tremebundo

508 4119 605 4205 foetu
628 4116 848 4202 hamensibus
869 4115 972 4201 pitdoe
994 4114 1203 4181 neercotoricc
1217 4113 1308 4180 villae
1322 4113 1480 4180 aalma·

516 4220 633 4295 burim,
665 4219 705 4282 dc
737 4215 942 4294 Kohostctto,
974 4216 1198 4302 Brodccroste,
1223 4223 1253 4280 et
1286 4215 1329 4280 io
1351 4222 1482 4281 asserto

509 4322 640 4404 jocante
671 4319 764 4384 irater
797 4317 978 4404 predictos
1011 4318 1174 4392 culturas,
1206 4323 1235 4380 ct
1269 4316 1313 4381 io
1346 4322 1477 4382 asserto

378 4429 381 4436 “
510 4424 601 4508 frivolo
635 4424 678 4488 io
710 4423 863 4509 pumicem
893 4421 1071 4508 puerticulc
1104 4419 1205 4486 illias
1240 4420 1375 4496 trama,
1406 4441 1482 4506 queo

514 4533 652 4591 occutus·
675 4527 710 4590 to
732 4523 967 4591 sarmatam.

257 4697 320 4760 Qun
332 4697 407 4749 claim
471 4675 632 4741 Omnibus
672 4672 798 4739 Christi
835 4673 987 4738 fidelibus
1035 4673 1096 4736 hoc
1138 4693 1281 4757 praesens
1319 4671 1480 4756 scriptum

255 4765 338 4898 ξὶζξζ
349 4838 376 4882 to
425 4779 545 4842 visuris
569 4778 623 4842 vel
645 4776 818 4852 audituris,
835 4775 1019 4840 Willelmus
1042 4774 1107 4840 Dei
1139 4774 1248 4860 gratia
1270 4772 1373 4839 abbas
1396 4773 1480 4840 Mal.
