3578 5808
471 879 514 944 30
722 893 920 944 nnorsrsuu
944 895 1267 947 natussummusr.

470 1085 544 1149 dem
569 1081 861 1151 consuetudinibus
884 1086 919 1146 et
934 1082 1153 1161 libertatibus,
1169 1089 1332 1170 quantum
1358 1084 1401 1151 ad
1424 1083 1520 1171 ipsos,

470 1188 602 1268 scilicet,
625 1191 778 1257 abbatem
802 1193 835 1253 et
870 1194 1070 1254 conventum
1104 1187 1144 1252 de
1177 1187 1333 1274 Stonlegc
1366 1189 1520 1274 pertinet,

469 1291 505 1355 in
528 1291 647 1377 quibus
669 1293 806 1369 fuerunt
828 1295 882 1360 die
905 1315 970 1380 quo
1002 1290 1195 1376 compositio
1230 1289 1295 1355 ista
1326 1289 1415 1356 facta
1446 1289 1519 1354 fuit.

470 1393 615 1473 Quodsi
639 1397 821 1462 decaetero
852 1399 888 1462 in
918 1397 1029 1481 aliquo
1060 1415 1103 1459 ex
1124 1393 1283 1459 utralibet
1313 1399 1416 1478 parte,
1450 1393 1519 1458 sive

467 1520 526 1584 per
548 1520 589 1575 se,
613 1499 683 1564 sive
715 1521 774 1585 per
804 1521 880 1565 suos
912 1505 1152 1583 transgressum
1184 1495 1295 1573 fixerit,
1318 1517 1377 1581 per
1409 1496 1518 1560 visum

467 1601 613 1666 virorum
636 1601 876 1688 fidedignorum
900 1600 1118 1666 amicabiliter
1140 1599 1378 1665 emendabitur.
1417 1598 1519 1672 Facta

466 1702 533 1767 fuit
563 1704 634 1769 haec
668 1705 860 1790 compositio
882 1725 970 1769 anno
993 1703 1110 1790 gratiae
1145 1718 1180 1765 Μ.
1204 1723 1247 1766 cc.
1272 1723 1364 1778 xxx„
1399 1700 1516 1786 vigilia

467 1807 557 1872 beati
580 1807 677 1872 Lucre
709 1807 927 1892 evangelistas.
984 1805 1034 1870 Ut
1056 1811 1168 1870 autem
1199 1803 1271 1869 brec
1302 1803 1407 1867 forma
1429 1803 1519 1888 pacis

468 1912 670 1995 inposterum
694 1915 766 1974 rata
796 1915 831 1974 et
864 1909 993 1973 stabilis
1027 1913 1061 1972 et
1095 1908 1287 1972 inconcussa
1319 1908 1518 1991 permaneat,

467 2012 545 2077 huic
567 2013 689 2098 scripto
704 2012 739 2076 in
755 2011 888 2076 modum
911 2009 1096 2097 cirographi
1112 2009 1259 2074 confecto
1282 2007 1391 2093 sigilla
1404 2007 1519 2071 ¹nostro

465 2112 656 2178 alternatim
694 2111 913 2197 apposuimus.
985 2109 1062 2174 Hiis
1105 2109 1256 2184 testibus,
1291 2105 1433 2172 Radulfo
1472 2105 1512 2172 de

468 2215 651 2301 Wylotone‚
675 2212 858 2300 Reginaldo
879 2212 919 2278 de
944 2212 1061 2290 Kalne,
1084 2217 1143 2278 etc.

869 2474 948 2541 Gir.
973 2473 1104 2539 CLXX.

470 2647 573 2712 Cario
596 2645 741 2732 liudulfi
754 2644 833 2732 filit
856 2643 992 2710 Robcrto'
1015 2642 1173 2708 Bro'toais
1197 2641 1236 2706 dc
1258 2662 1336 2706 ouo
1360 2646 1451 2705 terra
1473 2638 1517 2704 in

295 4487 382 4540 'lithos
394 4489 423 4540 ol

295 4555 399 4609 Yatton.

295 4793 313 4850 s.
328 4799 384 4846 ras.

906 2747 1087 2832 Westeport.

513 2904 629 2982 Sciant
651 2908 721 2968 tam
743 2907 921 2988 praesentes
945 2923 1045 2986 quam
1068 2901 1175 2965 futuri
1209 2921 1274 2985 quo
1308 2919 1368 2983 ego
1392 2897 1516 2962 Radul-

467 3007 520 3072 fus
552 3005 641 3072 filius
672 3004 809 3070 Roberti
832 3005 988 3081 Britonis
1011 3004 1096 3080 dedi,
1119 3002 1262 3068 concessi
1294 3006 1329 3064 et
1362 3002 1516 3086 praesenti

467 3115 557 3175 carta
580 3107 771 3173 confirmavi
795 3105 938 3172 ecclesiae
961 3106 1076 3172 Sancti
1099 3103 1267 3172 Aldhelmi
1300 3103 1340 3166 de
1365 3102 1514 3168 Malmes·

467 3211 569 3288 buria,
593 3216 628 3276 et
650 3210 827 3276 conventui
851 3209 997 3295 ejusdem
1028 3209 1099 3286 loci,
1123 3212 1229 3273 totam
1261 3211 1382 3270 terram
1417 3225 1515 3290 quam

467 3313 558 3379 dedit
588 3311 671 3377 mihi
703 3311 855 3377 dominus
887 3333 979 3376 meus
1011 3309 1196 3375 Willelmus
1230 3307 1320 3371 filius
1351 3305 1514 3372 Johannis

466 3438 525 3504 pro
548 3415 683 3481 servitio
705 3435 778 3478 meo
801 3415 837 3477 in
853 3413 1049 3499 Westeport,
1066 3411 1202 3477 liberam
1226 3415 1261 3475 et
1284 3410 1440 3494 quietem,
1456 3430 1515 3496 pro

466 3519 612 3604 quinque
638 3517 751 3581 solidis
777 3517 860 3580 mihi
887 3536 1095 3602 perannum
1121 3513 1297 3579 reddendis
1318 3512 1360 3576 ad
1384 3511 1516 3578 Hocke-

465 3623 540 3706 day,
556 3619 714 3704 quamdiu
730 3639 790 3704 ego
812 3618 981 3684 inhabito
1003 3617 1141 3682 seculari
1157 3619 1281 3683 vixero.
1330 3616 1410 3681 Post
1432 3635 1516 3680 mor-

465 3729 532 3789 tem
556 3743 634 3786 vero
665 3741 771 3786 meam
795 3721 848 3785 vel
870 3726 1044 3806 postquam
1068 3719 1221 3785 habitum
1243 3718 1412 3806 religionis
1447 3737 1519 3781 sus·

465 3846 588 3911 cepero,
612 3828 701 3889 terra
722 3823 894 3888 nominata
915 3822 1082 3907 praedictae
1106 3822 1250 3888 ecclesiae
1282 3826 1316 3887 et
1338 3821 1516 3886 conventui

467 3928 582 4014 quiete
603 3925 795 3991 remanebit.
843 3923 940 3988 Teste
963 3929 1020 3990 ete.

876 4165 954 4232 Gar.
980 4163 1128 4230 CLXXI.

691 4335 806 4402 Gauro
826 4354 891 4420 pro
904 4301 1054 4396 ‘deamo
1078 4329 1118 4395 de
1146 4328 1292 4396 Yuttoae.

511 4491 674 4557 Omnibus
697 4488 824 4554 Christi
846 4485 998 4551 fidelibus
1021 4506 1165 4571 praesens
1196 4485 1354 4570 scriptum
1391 4485 1517 4571 inspec-

465 4594 557 4672 turis,
585 4593 727 4658 decanus
752 4590 856 4656 Oxon.
876 4588 983 4675 judex
1003 4587 1201 4674 principalis,
1230 4588 1388 4674 magister
1414 4587 1515 4673 Elyas

465 4696 505 4761 de
538 4695 662 4760 Daneis
692 4714 809 4780 gerens
846 4692 935 4758 vices
969 4691 1153 4758 cancellarii
1195 4689 1302 4756 Oxou.
1336 4690 1381 4755 ad
1410 4695 1516 4754 totam

465 4819 605 4874 causam,
628 4797 665 4860 in
699 4816 797 4866 causa
821 4816 896 4888 quae
920 4795 1065 4862 vortitur
1087 4793 1174 4858 inter
1200 4793 1251 4859 W.
1275 4797 1435 4860 rectorem
1468 4813 1519 4862 ec·-
