3524 5808
447 880 511 945 412
863 895 1039 944 arrasum
1062 897 1098 945 11.

445 1082 536 1148 Petit
554 1081 727 1184 judicium,
743 1088 804 1148 etc.
842 1041 886 1148 Et
907 1083 1008 1148 abbas
1031 1084 1115 1148 bene
1138 1085 1289 1150 coneedit
1310 1086 1504 1171 praedictum

445 1185 604 1271 scriptum
627 1189 662 1250 et
685 1184 843 1270 quicquid
866 1185 902 1249 in
925 1206 963 1250 eo
986 1186 1183 1251 continetur.
1224 1185 1291 1251 Sed
1313 1187 1397 1252 dicit
1420 1187 1507 1272 quod

444 1286 684 1372 perscriptum
708 1286 793 1368 fflud
815 1307 836 1352 a
858 1287 1083 1353 verificatione
1107 1307 1167 1353 aua
1190 1289 1358 1375 praedicta,
1382 1288 1506 1354 scilieet

444 1389 532 1473 quod
555 1389 715 1475 praedicta
736 1389 868 1474 virgata
900 1395 996 1454 terrea
1028 1389 1107 1455 data
1138 1389 1204 1454 fuit
1236 1389 1272 1454 in
1304 1389 1504 1456 escambium

443 1491 480 1553 in
496 1489 777 1577 formapraedicte,
793 1488 952 1576 praecludi
968 1511 1036 1555 non
1052 1491 1158 1557 debet.
1204 1491 1298 1556 Dicit
1312 1492 1400 1556 enim
1418 1493 1504 1578 quod

443 1613 503 1678 par
534 1593 647 1678 aliqua
670 1593 773 1658 verba
805 1593 841 1656 in
872 1592 1032 1678 praedicto
1067 1593 1189 1680 scripto
1223 1599 1389 1672 contenta,
1415 1594 1506 1659 nulla

442 1695 644 1782 intelligItur
666 1699 756 1762 certa
771 1696 915 1761 mutatio
938 1701 1055 1774 status,
1071 1701 1130 1761 etc
1166 1695 1260 1762 Dicit
1282 1695 1392 1773 etiam,
1415 1697 1502 1782 quod

442 1797 546 1884 [oum]
562 1797 598 1862 in
612 1797 772 1884 praedioto
795 1798 917 1883 scripto
940 1799 1151 1863 contineatur
1169 1799 1255 1882 quod
1280 1799 1309 1862 si
1324 1799 1501 1885 praedictus

440 1899 542 1965 abbas
564 1900 608 1964 ab
629 1899 741 1985 aliquo
757 1899 1007 1984 inplacitaretur
1023 1901 1064 1965 de
1080 1900 1239 1986 praedicta
1252 1901 1384 1986 virgata
1405 1905 1501 1965 terrae

440 2001 476 2064 in
499 2001 677 2087 Purytone,
692 2006 727 2065 et
749 2001 900 2087 praedicti
924 2000 1103 2066 Gervasius
1126 2007 1161 2066 et
1177 2001 1290 2089 Agnes
1312 2002 1367 2066 rel
1389 2023 1501 2067 eorum

439 2124 529 2190 puer,
553 2109 622 2183 etc,
646 2102 739 2168 illam
766 2103 931 2188 virgatam
967 2109 1063 2169 terrae
1087 2104 1304 2170 warantizare
1334 2103 1501 2170 noluerint

439 2205 493 2270 rel
528 2226 594 2270 non
628 2205 807 2290 potuerint,
830 2205 880 2269 ita
910 2205 999 2290 quod
1032 2205 1121 2270 idem
1155 2205 1257 2271 abbas
1288 2227 1347 2293 pro
1370 2206 1500 2272 defectu

440 2307 610 2374 warantiaa
632 2312 754 2373 terram
777 2307 869 2372 illam
893 2308 1065 2385 amisisset,
1082 2308 1170 2392 quod
1193 2308 1276 2373 bene
1299 2307 1413 2375 liceret
1434 2310 1498 2395 ipsi

438 2410 552 2476 abbati
574 2415 609 2476 et
631 2409 870 2476 successoribus
893 2409 961 2473 suis
984 2409 1176 2495 praedictam
1200 2414 1322 2475 terram
1346 2410 1388 2475 de
1412 2411 1498 2475 Fox·

437 2511 515 2577 ham
539 2513 706 2590 reintrare,
723 2516 758 2577 et
780 2512 858 2576 inde
882 2533 941 2598 pro
961 2511 1137 2576 voluntate
1160 2533 1221 2576 sue
1242 2511 1423 2598 disponere,
1440 2533 1498 2599 per

437 2616 527 2701 quod
561 2621 710 2682 constare
745 2619 857 2702 potest
888 2614 1047 2699 liquidius
1080 2614 1273 2699 praedictam
1296 2619 1418 2679 terram
1457 2637 1497 2681 ea

436 2718 564 2783 ratione
597 2717 695 2783 citius
732 2716 845 2781 datam
877 2737 947 2780 esse
985 2715 1022 2778 in
1054 2714 1254 2781 escambium
1287 2736 1387 2802 quam
1421 2736 1495 2782 non

436 2819 535 2885 Unde
558 2840 633 2885 cum
656 2819 726 2905 ipse
761 2817 862 2883 abbas
895 2822 1016 2903 praeter
1048 2817 1110 2883 hoc
1141 2839 1200 2904 per
1222 2819 1365 2903 patriam
1388 2819 1496 2884 verifi-

436 2943 509 2988 care
532 2921 713 3008 praetendit
727 2919 928 2986 escambium
952 2918 1037 2983 illud
1060 2919 1185 2985 factum
1207 2919 1308 2984 fuisse
1332 2921 1368 2983 in
1391 2919 1496 2986 forma

435 3024 602 3110 predicta,
625 3044 686 3088 nec
708 3021 867 3108 praedicta
889 3021 1001 3107 Agnes
1025 3021 1068 3086 ad
1090 3021 1359 3106 praecludendum
1384 3022 1493 3108 ipsum

434 3127 588 3192 abbatem
611 3147 631 3190 a
654 3123 879 3190 verificatione
902 3121 961 3187 illa
983 3121 1111 3208 aliquid
1135 3123 1226 3188 dicat
1247 3122 1284 3187 in
1306 3122 1369 3190 hac
1391 3129 1493 3210 parte,

434 3230 499 3294 nisi
522 3226 732 3315 proponendo
747 3225 943 3312 praedictum
966 3225 1126 3311 scriptum
1149 3245 1209 3310 per
1231 3225 1325 3310 cujus
1347 3231 1493 3291 tenorem

433 3352 501 3396 non
522 3335 669 3418 apparet,
692 3329 774 3414 quin
805 3325 965 3414 praediota
994 3331 1185 3393 tenementa
1207 3327 1280 3392 dari
1314 3332 1493 3413 potuerant

433 3433 470 3498 in
492 3432 701 3508 escambium,
716 3429 816 3496 sicuti
840 3449 955 3494 revera
969 3427 1114 3506 fluerunt,
1129 3422 1215 3514 petit
1227 3427 1400 3514 judicium,
1424 3435 1492 3514 etc,

433 3535 578 3602 maxime
611 3557 653 3600 ex
684 3554 749 3620 quo
783 3531 942 3618 praedicta
973 3532 1086 3618 Agnes
1120 3530 1313 3616 hujusmodi
1343 3531 1492 3598 verifica-

434 3640 559 3705 tionem
581 3658 649 3703 non
672 3635 831 3712 admittit,
846 3639 907 3700 etc
954 3633 999 3700 Et
1015 3638 1127 3720 Agnes
1143 3633 1234 3712 dicit,
1250 3655 1294 3699 ex
1316 3655 1382 3720 quo
1406 3657 1490 3721 prae-

351 3808 356 3820 ,
433 3742 540 3809 dictm
564 3740 666 3806 abbas
689 3737 845 3825 cognovit
868 3737 1065 3822 praedictum
1088 3735 1249 3823 scriptum
1271 3757 1342 3802 esse
1364 3735 1489 3803 factum

432 3842 678 3930 praedecessoris
715 3839 777 3916 sui,
815 3843 854 3904 ut
896 3838 1094 3924 praedictum
1132 3841 1191 3915 est,
1229 3838 1318 3924 quod
1356 3838 1490 3924 quidem

432 3947 592 4032 scriptum
623 3963 691 4009 non
722 3941 842 4028 probat
875 3961 934 4006 seu
972 3940 1130 4007 testificat
1166 3939 1351 4005 tenentiam
1383 3941 1486 4027 ipsius

430 4048 571 4136 Agnetis
594 4047 635 4112 de
657 4045 823 4133 praedictis
846 4044 1044 4110 tenementis
1074 4043 1144 4108 fore
1174 4063 1233 4128 per
1254 4042 1345 4108 viam
1368 4063 1490 4109 eseam-

429 4150 498 4230 bii;
520 4151 607 4236 petit
624 4147 789 4234 judicium
823 4145 851 4210 si
883 4151 998 4212 contra
1020 4149 1168 4210 tenorem
1199 4144 1314 4230 scripti
1338 4145 1490 4230 praedicti

429 4253 472 4320 ad
497 4253 752 4320 verificationem
784 4251 910 4336 patriae,
941 4249 1018 4314 inde
1049 4271 1147 4335 super
1176 4247 1287 4334 aliquo
1318 4249 1489 4328 escambio,

428 4356 469 4422 de
493 4377 557 4443 quo
580 4356 667 4422 idem
690 4354 791 4420 abbas
823 4355 859 4417 in
883 4353 974 4419 curia
995 4352 1050 4417 hic
1079 4351 1165 4416 nihil
1188 4351 1404 4436 specialitatis
1426 4374 1479 4416 os·

429 4459 548 4539 tendit,
562 4459 726 4545 attingere
742 4456 868 4522 debeat
907 4455 988 4520 Dies
1003 4455 1102 4520 datus
1117 4458 1168 4519 est
1190 4453 1237 4517 eis
1260 4453 1301 4517 de
1323 4453 1488 4519 audiendo

425 4561 552 4648 judicio
575 4582 634 4626 suo
664 4559 718 4624 hio
749 4580 770 4624 a
804 4557 857 4622 die
889 4555 1023 4623 Paschae
1056 4555 1092 4620 in
1126 4559 1193 4620 tres
1227 4555 1427 4640 septimanas
1449 4555 1489 4620 in

430 4665 544 4730 eodem
563 4667 656 4729 statu
680 4681 745 4746 quo
767 4680 864 4738 nuuc,
888 4665 949 4724 etc.

188 4883 189 4889 χ
258 4829 392 4948 plrarrltsspoyt
475 4813 649 4883 Universis
672 4811 798 4878 Christi
821 4810 976 4877 fidelibus
1006 4831 1150 4896 praesens
1181 4807 1341 4896 scriptum
1363 4812 1485 4880 visuris

288 4911 302 4948 Θ
314 4911 330 4948 8
