3566 5820
468 883 532 946 162
721 897 922 946 uscrsruuu
946 893 1271 946 uasuusaumuuss.

866 1171 946 1238 CAP.
970 1169 1135 1237 uuxun.

492 1336 610 1418 Quieta
638 1335 827 1402 clancuntr'a
862 1333 1023 1400 Willelnei
1048 1334 1087 1398 de
1113 1331 1295 1398 Onabrcelle
1318 1331 1358 1397 de
1383 1285 1500 1396 eaden

926 1438 1057 1502 bencera.

514 1590 630 1655 Sciant
652 1593 830 1676 praesentes
861 1592 895 1652 et
927 1587 1035 1652 futuri
1069 1587 1157 1671 quod
1181 1607 1241 1671 ego
1264 1583 1448 1650 Willelmus
1480 1586 1520 1650 de

470 1691 667 1769 Onabwelle,
705 1691 793 1755 filius
831 1690 993 1754 Johannis
1031 1689 1072 1752 de
1111 1687 1310 1764 Cnabwelle,
1344 1688 1455 1752 remisi
1487 1693 1521 1752 et

469 1794 618 1878 quietum
641 1793 789 1868 clamavi,
806 1813 865 1877 pro
883 1815 935 1856 me
958 1797 993 1856 et
1015 1789 1267 1876 proheredibus
1290 1796 1324 1854 et
1345 1789 1521 1875 assignatis

469 1897 550 1961 meis
582 1899 834 1982 imperpetuum,
855 1895 989 1958 domino
1004 1891 1170 1958 Willelmo
1192 1892 1256 1956 Dei
1278 1893 1386 1978 gratia
1407 1893 1521 1956 abbati

469 2001 510 2064 de
534 1998 775 2074 Malmesburia,
800 2004 835 2061 et
866 1998 1012 2082 ejusdem
1035 1997 1098 2062 loci
1130 1995 1317 2072 conventui,
1341 2000 1375 2060 ct
1409 2015 1521 2060 eornm

469 2102 714 2176 successorihus,
738 2105 846 2164 toturn
877 2101 934 2184 jus
969 2105 1004 2163 et
1038 2097 1202 2175 clamium‚
1233 2103 1267 2162 et
1299 2103 1403 2162 totum
1435 2119 1520 2162 com-

469 2223 602 2266 munem
626 2223 725 2286 quam
749 2201 859 2278 habui,
884 2200 935 2264 vel
959 2199 1079 2264 habere
1103 2200 1206 2285 potui,
1229 2200 1394 2265 occasione
1426 2205 1520 2264 terne

468 2325 549 2368 meae
573 2305 613 2368 de
646 2303 756 2380 Foxle,
781 2308 815 2368 et
850 2303 950 2367 etiam
974 2303 1065 2365 omni
1088 2301 1154 2366 ulia
1176 2302 1350 2378 occasione,
1375 2303 1411 2366 in
1442 2323 1521 2388 qua·

469 2407 544 2470 dam
567 2405 676 2492 placia
698 2427 827 2491 magnae
851 2405 979 2470 bruerae
996 2425 1109 2469 versus
1133 2403 1323 2490 Corsgrave,
1340 2425 1414 2488 quae
1431 2405 1522 2490 jacet

469 2509 556 2572 inter
577 2507 733 2584 culturas,
758 2529 832 2592 quae
866 2513 1029 2571 vocantur
1063 2505 1097 2570 lu
1122 2504 1301 2592 Koleskepe
1335 2512 1369 2570 et
1391 2505 1522 2591 Alepea-

469 2607 542 2696 sepe
551 2633 563 2688 ;
588 2607 742 2674 videlicet
772 2607 815 2672 ab
837 2606 1030 2673 occidentali
1063 2608 1186 2693 angulo
1208 2607 1261 2680 de,
1276 2607 1310 2670 lc
1335 2605 1521 2698 Koleelzepc,

470 2733 572 2796 usque
606 2711 650 2774 ad
688 2710 922 2776 occidentalem
956 2709 1116 2795 angulum
1152 2711 1192 2773 de
1228 2707 1428 2798 Alepeslrcpe,
1462 2733 1520 2795 per

469 2813 635 2899 quandam
670 2812 811 2876 viridem
850 2813 948 2887 viam,
987 2817 1022 2876 et
1059 2831 1118 2896 per
1155 2811 1319 2896 quendam
1358 2810 1521 2892 rivulum;

468 2915 600 2990 scilicet,
625 2914 660 2978 in
685 2919 757 2978 tota
780 2913 838 2978 illa
861 2913 966 2998 placia
989 2934 1062 2998 quae
1081 2914 1172 2997 jacet
1194 2913 1229 2976 in
1253 2913 1406 2978 orientali
1429 2920 1520 2999 parte

469 3017 635 3103 praedictae
658 3018 731 3093 viae,
755 3021 789 3080 et
820 3015 969 3101 praedicti
993 3014 1103 3091 rimuli,
1125 3015 1214 3079 inter
1243 3015 1418 3100 pmdictas
1441 3017 1520 3081 duas

468 3119 632 3185 culturas:
670 3119 856 3184 habendam
894 3124 929 3183 et
966 3117 1142 3182 tenendam
1186 3123 1292 3182 totam
1329 3118 1520 3204 praedictam

468 3222 608 3308 placiam
632 3220 799 3306 praedictae
830 3221 967 3296 bruerae,
990 3218 1157 3306 praedictis
1180 3219 1295 3284 abbati
1317 3225 1351 3284 et
1381 3241 1520 3286 conven-

469 3325 528 3401 tui,
563 3329 597 3387 et
631 3345 742 3387 eorum
775 3321 1022 3398 successoribus,
1061 3321 1198 3386 liberam
1222 3327 1256 3386 et
1288 3323 1453 3408 quietam
1487 3330 1521 3388 et

469 3447 541 3489 eam
563 3424 684 3488 fossato
707 3425 969 3508 circumquaque,
992 3423 1020 3486 si
1044 3422 1220 3499 voluerint,
1243 3422 1424 3506 includant,
1451 3425 1520 3491 sine

469 3527 581 3610 aliqua
603 3515 869 3602 contradictione,
898 3523 1075 3589 vexatione
1107 3523 1161 3588 vel
1183 3523 1416 3590 reclamatione
1449 3529 1520 3604 mei,

470 3628 523 3692 vel
545 3627 704 3691 heredum
727 3649 785 3691 seu
819 3628 1060 3712 assignatorum
1092 3646 1247 3702 meorum,
1272 3626 1521 3713 imperpetuum.

471 3729 524 3795 Itu
547 3728 635 3814 quod
659 3750 719 3793 uec
741 3751 810 3814 ego,
836 3749 896 3794 nec
918 3727 1038 3812 aliquis
1062 3727 1227 3804 heredum,
1250 3749 1308 3793 seu
1342 3729 1522 3815 assignato-

472 3852 545 3894 rum
580 3851 737 3908 meorum,
771 3829 898 3915 aliquid
929 3829 1025 3914 juris,
1049 3828 1102 3892 vel
1137 3827 1255 3908 clamii,
1287 3851 1345 3894 seu
1378 3829 1522 3916 aliquam

472 3953 680 3996 communem
704 3932 739 3996 in
763 3931 921 4017 praedicta
951 3931 1058 4016 placia
1081 3931 1247 4016 predictae
1269 3932 1396 3998 bruerae
1428 3935 1521 3999 nobis

472 4034 645 4099 vendicare
668 4033 829 4118 possimus
851 4034 1102 4119 imperpetuum.

519 4135 562 4200 Et
586 4135 622 4198 in
647 4136 873 4200 testimonium
896 4135 996 4220 hujus
1027 4135 1228 4200 remissionis
1251 4139 1285 4200 et
1307 4136 1429 4220 quietae
1461 4137 1521 4203 cla·

473 4238 608 4302 mantiae
631 4237 693 4302 hoc
716 4238 875 4323 scriptum
898 4238 1020 4302 eisdem
1052 4236 1165 4302 abbati
1188 4244 1222 4302 et
1253 4240 1432 4302 conventui
1455 4239 1523 4317 leci,

475 4345 509 4403 ct
531 4337 639 4424 sigilla
662 4359 734 4404 meo
758 4337 887 4424 signavi
