<?xml version="1.0" encoding="UTF-8"?>
<!DOCTYPE html PUBLIC "-//W3C//DTD XHTML 1.0 Transitional//EN"
    "http://www.w3.org/TR/xhtml1/DTD/xhtml1-transitional.dtd">
<html xmlns="http://www.w3.org/1999/xhtml" xml:lang="en" lang="en">
 <head>
  <title>
</title>
<meta http-equiv="Content-Type" content="text/html;charset=utf-8" />
  <meta name='ocr-system' content='tesseract 3.04.00' />
  <meta name='ocr-capabilities' content='ocr_page ocr_carea ocr_par ocr_line ocrx_word'/>
</head>
<body>
  <div class='ocr_page' id='page_1' title='image "./registrummalmes00martgoog_0431.png"; bbox 0 0 3524 5808; ppageno 0'>
   <div class='ocr_carea' id='block_1_1' title="bbox 495 862 1297 932">
    <p class='ocr_par' dir='ltr' id='par_1_1' title="bbox 495 862 1297 932">
     <span class='ocr_line' id='line_1_1' title="bbox 495 862 1297 932; baseline 0 0"><span class='ocrx_word' id='word_1_1' title='bbox 495 881 693 932; x_wconf 71' lang='lat' dir='ltr'><em>escensuri</em></span> <span class='ocrx_word' id='word_1_2' title='bbox 717 879 1040 930; x_wconf 76' lang='lat' dir='ltr'><em>umunseunmues.</em></span> <span class='ocrx_word' id='word_1_3' title='bbox 1231 862 1297 932; x_wconf 79' lang='grc'><em>337</em></span> 
     </span>
    </p>
   </div>
   <div class='ocr_carea' id='block_1_2' title="bbox 594 1187 937 1255">
    <p class='ocr_par' dir='ltr' id='par_1_2' title="bbox 594 1187 937 1255">
     <span class='ocr_line' id='line_1_2' title="bbox 594 1187 937 1255; baseline -0.009 -1"><span class='ocrx_word' id='word_1_4' title='bbox 594 1188 674 1255; x_wconf 76' lang='lat' dir='ltr'><em>One.</em></span> <span class='ocrx_word' id='word_1_5' title='bbox 699 1187 937 1255; x_wconf 80' lang='lat' dir='ltr'>OGCOXLIX.</span> 
     </span>
    </p>
   </div>
   <div class='ocr_carea' id='block_1_3' title="bbox 244 1337 1298 1530">
    <p class='ocr_par' dir='ltr' id='par_1_3' title="bbox 244 1337 1298 1530">
     <span class='ocr_line' id='line_1_3' title="bbox 244 1337 1298 1430; baseline -0.002 -20"><span class='ocrx_word' id='word_1_6' title='bbox 244 1341 486 1430; x_wconf 72' lang='lat' dir='ltr'><em>Compositio</em></span> <span class='ocrx_word' id='word_1_7' title='bbox 471 1348 527 1408; x_wconf 82' lang='lat' dir='ltr'><em>ent</em></span> <span class='ocrx_word' id='word_1_8' title='bbox 528 1363 564 1407; x_wconf 83' lang='lat' dir='ltr'><em>cc</em></span> <span class='ocrx_word' id='word_1_9' title='bbox 515 1340 789 1408; x_wconf 82' lang='lat' dir='ltr'><em>tetobbctcon</em></span> <span class='ocrx_word' id='word_1_10' title='bbox 759 1344 947 1406; x_wconf 85' lang='lat' dir='ltr'><em>etconocnt</em></span> <span class='ocrx_word' id='word_1_11' title='bbox 948 1360 1010 1405; x_wconf 78' lang='lat' dir='ltr'><em>nnc</em></span> <span class='ocrx_word' id='word_1_12' title='bbox 1033 1347 1062 1406; x_wconf 89' lang='lat' dir='ltr'><em>et</em></span> <span class='ocrx_word' id='word_1_13' title='bbox 1090 1337 1298 1408; x_wconf 79' lang='lat' dir='ltr'><em>Wittelmune</em></span> 
     </span>
     <span class='ocr_line' id='line_1_4' title="bbox 333 1429 1298 1530; baseline 0 -20"><span class='ocrx_word' id='word_1_14' title='bbox 333 1443 475 1510; x_wconf 80' lang='lat' dir='ltr'><em>Hoeood</em></span> <span class='ocrx_word' id='word_1_15' title='bbox 498 1443 538 1510; x_wconf 88' lang='lat' dir='ltr'><em>de</em></span> <span class='ocrx_word' id='word_1_16' title='bbox 560 1429 734 1510; x_wconf 74' lang='lat' dir='ltr'><em>medietate</em></span> <span class='ocrx_word' id='word_1_17' title='bbox 759 1441 856 1530; x_wconf 84' lang='lat' dir='ltr'><em>feodi</em></span> <span class='ocrx_word' id='word_1_18' title='bbox 878 1442 1030 1528; x_wconf 73' lang='lat' dir='ltr'><em>coquinae</em></span> <span class='ocrx_word' id='word_1_19' title='bbox 1064 1448 1136 1508; x_wconf 81' lang='lat' dir='ltr'><em>tone</em></span> <span class='ocrx_word' id='word_1_20' title='bbox 1167 1441 1280 1509; x_wconf 83' lang='lat' dir='ltr'><em>cbbot‘</em></span> <span class='ocrx_word' id='word_1_21' title='bbox 1254 1450 1298 1510; x_wconf 82' lang='lat' dir='ltr'><em>tce</em></span> 
     </span>
    </p>
   </div>
   <div class='ocr_carea' id='block_1_4' title="bbox 334 1541 650 1636">
    <p class='ocr_par' dir='ltr' id='par_1_4' title="bbox 334 1541 650 1636">
     <span class='ocr_line' id='line_1_5' title="bbox 334 1541 650 1636; baseline -0.003 -22"><span class='ocrx_word' id='word_1_22' title='bbox 334 1569 440 1636; x_wconf 82' lang='lat' dir='ltr'><em>quom</em></span> <span class='ocrx_word' id='word_1_23' title='bbox 461 1541 650 1614; x_wconf 71' lang='lat' dir='ltr'><em>coercentes.</em></span> 
     </span>
    </p>
   </div>
   <div class='ocr_carea' id='block_1_5' title="bbox 289 1695 1467 1782">
    <p class='ocr_par' dir='ltr' id='par_1_5' title="bbox 289 1695 1467 1782">
     <span class='ocr_line' id='line_1_6' title="bbox 289 1695 1467 1782; baseline 0.001 -19"><span class='ocrx_word' id='word_1_24' title='bbox 289 1696 455 1764; x_wconf 87' lang='lat' dir='ltr'><em>Noverint</em></span> <span class='ocrx_word' id='word_1_25' title='bbox 466 1695 722 1782; x_wconf 88' lang='lat' dir='ltr'><em>univers1q,uod</em></span> <span class='ocrx_word' id='word_1_26' title='bbox 739 1716 814 1762; x_wconf 87' lang='lat' dir='ltr'><em>cnm</em></span> <span class='ocrx_word' id='word_1_27' title='bbox 829 1695 871 1760; x_wconf 83' lang='lat' dir='ltr'><em>lis</em></span> <span class='ocrx_word' id='word_1_28' title='bbox 887 1699 978 1761; x_wconf 78' lang='lat' dir='ltr'><em>moto</em></span> <span class='ocrx_word' id='word_1_29' title='bbox 993 1697 1178 1762; x_wconf 79' lang='lat' dir='ltr'><em>essetinter</em></span> <span class='ocrx_word' id='word_1_30' title='bbox 1193 1697 1297 1764; x_wconf 90' lang='lat' dir='ltr'><em>domi·</em></span> <span class='ocrx_word' id='word_1_31' title='bbox 1311 1718 1344 1770; x_wconf 78' lang='lat' dir='ltr'><em>Se</em></span> <span class='ocrx_word' id='word_1_32' title='bbox 1347 1720 1467 1772; x_wconf 78' lang='lat' dir='ltr'><em>clement</em></span> 
     </span>
    </p>
   </div>
   <div class='ocr_carea' id='block_1_6' title="bbox 244 1786 1446 1916">
    <p class='ocr_par' dir='ltr' id='par_1_6' title="bbox 244 1786 1446 1916">
     <span class='ocr_line' id='line_1_7' title="bbox 244 1786 1446 1916; baseline 0.006 -50"><span class='ocrx_word' id='word_1_33' title='bbox 244 1823 326 1867; x_wconf 91' lang='lat' dir='ltr'><em>num</em></span> <span class='ocrx_word' id='word_1_34' title='bbox 341 1802 497 1868; x_wconf 75' lang='lat' dir='ltr'><em>abbatem</em></span> <span class='ocrx_word' id='word_1_35' title='bbox 519 1807 555 1867; x_wconf 88' lang='lat' dir='ltr'><em>et</em></span> <span class='ocrx_word' id='word_1_36' title='bbox 569 1804 770 1868; x_wconf 89' lang='lat' dir='ltr'><em>conventum</em></span> <span class='ocrx_word' id='word_1_37' title='bbox 785 1797 1029 1865; x_wconf 80' lang='lat' dir='ltr'><em>Melmesburiae</em></span> <span class='ocrx_word' id='word_1_38' title='bbox 1052 1821 1094 1865; x_wconf 84' lang='lat' dir='ltr'><em>ex</em></span> <span class='ocrx_word' id='word_1_39' title='bbox 1109 1805 1204 1886; x_wconf 81' lang='lat' dir='ltr'><em>perte</em></span> <span class='ocrx_word' id='word_1_40' title='bbox 1220 1824 1296 1884; x_wconf 87' lang='lat' dir='ltr'><em>une,</em></span> <span class='ocrx_word' id='word_1_41' title='bbox 1310 1786 1339 1836; x_wconf 62' lang='grc' dir='ltr'><em>θ’</em></span> <span class='ocrx_word' id='word_1_42' title='bbox 1310 1788 1446 1916; x_wconf 42' lang='lat' dir='ltr'><em>&amp;edili-tn</em></span> 
     </span>
    </p>
   </div>
   <div class='ocr_carea' id='block_1_7' title="bbox 245 1900 1426 1979">
    <p class='ocr_par' dir='ltr' id='par_1_7' title="bbox 245 1900 1426 1979">
     <span class='ocr_line' id='line_1_8' title="bbox 245 1900 1426 1979; baseline 0.002 -11"><span class='ocrx_word' id='word_1_43' title='bbox 245 1907 280 1968; x_wconf 92' lang='lat' dir='ltr'><em>et</em></span> <span class='ocrx_word' id='word_1_44' title='bbox 295 1902 499 1969; x_wconf 84' lang='lat' dir='ltr'><em>Wiiielrnum</em></span> <span class='ocrx_word' id='word_1_45' title='bbox 522 1901 654 1968; x_wconf 82' lang='lat' dir='ltr'><em>Heserd</em></span> <span class='ocrx_word' id='word_1_46' title='bbox 677 1923 720 1967; x_wconf 84' lang='lat' dir='ltr'><em>ex</em></span> <span class='ocrx_word' id='word_1_47' title='bbox 742 1901 856 1979; x_wconf 80' lang='lat' dir='ltr'><em>altere,</em></span> <span class='ocrx_word' id='word_1_48' title='bbox 880 1900 920 1966; x_wconf 92' lang='lat' dir='ltr'><em>de</em></span> <span class='ocrx_word' id='word_1_49' title='bbox 936 1900 1113 1967; x_wconf 76' lang='lat' dir='ltr'><em>medietate</em></span> <span class='ocrx_word' id='word_1_50' title='bbox 1136 1902 1223 1967; x_wconf 87' lang='lat' dir='ltr'><em>feodi</em></span> <span class='ocrx_word' id='word_1_51' title='bbox 1247 1925 1299 1970; x_wconf 89' lang='lat' dir='ltr'><em>co-</em></span> <span class='ocrx_word' id='word_1_52' title='bbox 1285 1920 1426 1971; x_wconf 79' lang='lat' dir='ltr'><em>-Wiinam</em></span> 
     </span>
    </p>
   </div>
   <div class='ocr_carea' id='block_1_8' title="bbox 245 1987 1439 2168">
    <p class='ocr_par' dir='ltr' id='par_1_8' title="bbox 245 1987 1439 2168">
     <span class='ocr_line' id='line_1_9' title="bbox 245 1987 1439 2168; baseline 0 -98"><span class='ocrx_word' id='word_1_53' title='bbox 245 2006 356 2094; x_wconf 80' lang='lat' dir='ltr'><em>quince</em></span> <span class='ocrx_word' id='word_1_54' title='bbox 387 2011 456 2072; x_wconf 84' lang='lat' dir='ltr'><em>tem</em></span> <span class='ocrx_word' id='word_1_55' title='bbox 490 2005 620 2071; x_wconf 77' lang='lat' dir='ltr'><em>abbatis</em></span> <span class='ocrx_word' id='word_1_56' title='bbox 653 2025 753 2090; x_wconf 84' lang='lat' dir='ltr'><em>quem</em></span> <span class='ocrx_word' id='word_1_57' title='bbox 785 2007 974 2082; x_wconf 88' lang='lat' dir='ltr'><em>conventus,</em></span> <span class='ocrx_word' id='word_1_58' title='bbox 999 2005 1039 2070; x_wconf 94' lang='lat' dir='ltr'><em>de</em></span> <span class='ocrx_word' id='word_1_59' title='bbox 1073 2006 1297 2071; x_wconf 90' lang='lat' dir='ltr'><em>communium</em></span> <span class='ocrx_word' id='word_1_60' title='bbox 1311 1987 1439 2168; x_wconf 47' lang='grc' dir='ltr'>’ξ’ᾖξ</span> 
     </span>
    </p>
   </div>
   <div class='ocr_carea' id='block_1_9' title="bbox 245 2107 1544 4765">
    <p class='ocr_par' dir='ltr' id='par_1_9' title="bbox 245 2107 1544 2918">
     <span class='ocr_line' id='line_1_10' title="bbox 245 2107 1544 2235; baseline -0.002 -55"><span class='ocrx_word' id='word_1_61' title='bbox 245 2113 425 2180; x_wconf 79' lang='lat' dir='ltr'><em>amicorum</em></span> <span class='ocrx_word' id='word_1_62' title='bbox 471 2111 609 2178; x_wconf 87' lang='lat' dir='ltr'><em>consilio</em></span> <span class='ocrx_word' id='word_1_63' title='bbox 646 2109 734 2175; x_wconf 92' lang='lat' dir='ltr'><em>lis&#39;</em></span> <span class='ocrx_word' id='word_1_64' title='bbox 725 2132 761 2175; x_wconf 88' lang='grc' dir='ltr'><em>ιιι</em></span> <span class='ocrx_word' id='word_1_65' title='bbox 798 2109 889 2177; x_wconf 89' lang='lat' dir='ltr'><em>hunc</em></span> <span class='ocrx_word' id='word_1_66' title='bbox 925 2111 1061 2177; x_wconf 90' lang='lat' dir='ltr'><em>modum</em></span> <span class='ocrx_word' id='word_1_67' title='bbox 1098 2112 1337 2198; x_wconf 76' lang='lat' dir='ltr'><em>conquievitn</em></span> <span class='ocrx_word' id='word_1_68' title='bbox 1311 2121 1435 2235; x_wconf 57' lang='lat' dir='ltr'><em>miesethe</em></span> <span class='ocrx_word' id='word_1_69' title='bbox 1542 2107 1544 2110; x_wconf 70' lang='grc'>’</span> 
     </span>
     <span class='ocr_line' id='line_1_11' title="bbox 246 2193 1422 2302; baseline 0 -24"><span class='ocrx_word' id='word_1_70' title='bbox 246 2213 417 2293; x_wconf 77' lang='lat' dir='ltr'><em>Videlicet,</em></span> <span class='ocrx_word' id='word_1_71' title='bbox 441 2213 532 2300; x_wconf 89' lang='lat' dir='ltr'><em>quod</em></span> <span class='ocrx_word' id='word_1_72' title='bbox 564 2211 703 2300; x_wconf 88' lang='lat' dir='ltr'><em>preedict</em></span> <span class='ocrx_word' id='word_1_73' title='bbox 704 2233 742 2277; x_wconf 88' lang='lat' dir='ltr'><em>us</em></span> <span class='ocrx_word' id='word_1_74' title='bbox 776 2209 878 2277; x_wconf 83' lang='lat' dir='ltr'><em>ebbes</em></span> <span class='ocrx_word' id='word_1_75' title='bbox 911 2212 1071 2280; x_wconf 82' lang='lat' dir='ltr'><em>concessit</em></span> <span class='ocrx_word' id='word_1_76' title='bbox 1100 2234 1160 2300; x_wconf 91' lang='lat' dir='ltr'><em>pro</em></span> <span class='ocrx_word' id='word_1_77' title='bbox 1197 2235 1231 2280; x_wconf 90' lang='lat' dir='ltr'><em>se</em></span> <span class='ocrx_word' id='word_1_78' title='bbox 1264 2201 1376 2280; x_wconf 80' lang='lat' dir='ltr'><em>et⁰⁰</em></span> <span class='ocrx_word' id='word_1_79' title='bbox 1311 2193 1422 2302; x_wconf 68' lang='grc' dir='ltr'><em>,ᾖξῇξη</em></span> 
     </span>
     <span class='ocr_line' id='line_1_12' title="bbox 246 2313 1383 2402; baseline -0.002 -18"><span class='ocrx_word' id='word_1_80' title='bbox 246 2321 413 2384; x_wconf 87' lang='lat' dir='ltr'><em>conventu</em></span> <span class='ocrx_word' id='word_1_81' title='bbox 450 2337 509 2382; x_wconf 89' lang='lat' dir='ltr'><em>suo</em></span> <span class='ocrx_word' id='word_1_82' title='bbox 547 2315 706 2402; x_wconf 82' lang='lat' dir='ltr'><em>proedicto</em></span> <span class='ocrx_word' id='word_1_83' title='bbox 740 2313 907 2380; x_wconf 82' lang='lat' dir='ltr'><em>Willeimo</em></span> <span class='ocrx_word' id='word_1_84' title='bbox 945 2320 980 2380; x_wconf 89' lang='lat' dir='ltr'><em>et</em></span> <span class='ocrx_word' id='word_1_85' title='bbox 1013 2314 1189 2382; x_wconf 85' lang='lat' dir='ltr'><em>heredibus</em></span> <span class='ocrx_word' id='word_1_86' title='bbox 1220 2318 1357 2395; x_wconf 68' lang='lat' dir='ltr'><em>mismo</em></span> <span class='ocrx_word' id='word_1_87' title='bbox 1326 2321 1383 2369; x_wconf 71' lang='grc' dir='ltr'><em>ιιι</em></span> 
     </span>
     <span class='ocr_line' id='line_1_13' title="bbox 246 2417 1299 2508; baseline 0.001 -24"><span class='ocrx_word' id='word_1_88' title='bbox 246 2420 335 2508; x_wconf 91' lang='lat' dir='ltr'><em>quod</em></span> <span class='ocrx_word' id='word_1_89' title='bbox 356 2441 416 2506; x_wconf 92' lang='lat' dir='ltr'><em>per</em></span> <span class='ocrx_word' id='word_1_90' title='bbox 437 2423 547 2485; x_wconf 82' lang='lat' dir='ltr'><em>totum</em></span> <span class='ocrx_word' id='word_1_91' title='bbox 569 2439 694 2483; x_wconf 79' lang='lat' dir='ltr'><em>annum</em></span> <span class='ocrx_word' id='word_1_92' title='bbox 721 2417 906 2504; x_wconf 83' lang='lat' dir='ltr'><em>percipient</em></span> <span class='ocrx_word' id='word_1_93' title='bbox 928 2418 969 2482; x_wconf 91' lang='lat' dir='ltr'><em>de</em></span> <span class='ocrx_word' id='word_1_94' title='bbox 992 2418 1133 2504; x_wconf 81' lang='lat' dir='ltr'><em>coquina</em></span> <span class='ocrx_word' id='word_1_95' title='bbox 1155 2440 1299 2488; x_wconf 89' lang='lat' dir='ltr'><em>conven-</em></span> 
     </span>
     <span class='ocr_line' id='line_1_14' title="bbox 245 2519 1298 2609; baseline 0.001 -21"><span class='ocrx_word' id='word_1_96' title='bbox 245 2527 299 2588; x_wconf 87' lang='lat' dir='ltr'><em>tus</em></span> <span class='ocrx_word' id='word_1_97' title='bbox 323 2521 535 2588; x_wconf 84' lang='lat' dir='ltr'><em>medietatem</em></span> <span class='ocrx_word' id='word_1_98' title='bbox 558 2519 645 2586; x_wconf 85' lang='lat' dir='ltr'><em>feodi</em></span> <span class='ocrx_word' id='word_1_99' title='bbox 668 2525 738 2586; x_wconf 85' lang='lat' dir='ltr'><em>tem</em></span> <span class='ocrx_word' id='word_1_100' title='bbox 761 2520 802 2586; x_wconf 89' lang='lat' dir='ltr'><em>dc</em></span> <span class='ocrx_word' id='word_1_101' title='bbox 825 2541 921 2586; x_wconf 85' lang='lat' dir='ltr'><em>cerne</em></span> <span class='ocrx_word' id='word_1_102' title='bbox 945 2541 1044 2607; x_wconf 83' lang='lat' dir='ltr'><em>quem</em></span> <span class='ocrx_word' id='word_1_103' title='bbox 1059 2521 1221 2609; x_wconf 86' lang='lat' dir='ltr'><em>piscibus:</em></span> <span class='ocrx_word' id='word_1_104' title='bbox 1237 2525 1298 2594; x_wconf 87' lang='lat' dir='ltr'><em>sci-</em></span> 
     </span>
     <span class='ocr_line' id='line_1_15' title="bbox 246 2621 1298 2705; baseline 0.004 -16"><span class='ocrx_word' id='word_1_105' title='bbox 246 2625 332 2705; x_wconf 85' lang='lat' dir='ltr'><em>licet,</em></span> <span class='ocrx_word' id='word_1_106' title='bbox 354 2624 567 2692; x_wconf 75' lang='lat' dir='ltr'><em>medietatem</em></span> <span class='ocrx_word' id='word_1_107' title='bbox 582 2621 739 2690; x_wconf 88' lang='lat' dir='ltr'><em>collorum</em></span> <span class='ocrx_word' id='word_1_108' title='bbox 755 2627 790 2690; x_wconf 87' lang='lat' dir='ltr'><em>et</em></span> <span class='ocrx_word' id='word_1_109' title='bbox 812 2621 1038 2690; x_wconf 79' lang='lat' dir='ltr'><em>esclenkerum</em></span> <span class='ocrx_word' id='word_1_110' title='bbox 1058 2623 1165 2704; x_wconf 81' lang='lat' dir='ltr'><em>boum,</em></span> <span class='ocrx_word' id='word_1_111' title='bbox 1182 2631 1216 2692; x_wconf 89' lang='lat' dir='ltr'><em>et</em></span> <span class='ocrx_word' id='word_1_112' title='bbox 1231 2649 1298 2693; x_wconf 88' lang='lat' dir='ltr'><em>me-</em></span> 
     </span>
     <span class='ocr_line' id='line_1_16' title="bbox 247 2723 1299 2814; baseline 0.002 -21"><span class='ocrx_word' id='word_1_113' title='bbox 247 2728 407 2794; x_wconf 76' lang='lat' dir='ltr'><em>dietatem</em></span> <span class='ocrx_word' id='word_1_114' title='bbox 423 2725 581 2795; x_wconf 88' lang='lat' dir='ltr'><em>collorum</em></span> <span class='ocrx_word' id='word_1_115' title='bbox 596 2730 631 2792; x_wconf 89' lang='lat' dir='ltr'><em>et</em></span> <span class='ocrx_word' id='word_1_116' title='bbox 646 2725 826 2793; x_wconf 74' lang='lat' dir='ltr'><em>caudarum</em></span> <span class='ocrx_word' id='word_1_117' title='bbox 842 2723 1051 2794; x_wconf 82' lang='lat' dir='ltr'><em>eschinerum</em></span> <span class='ocrx_word' id='word_1_118' title='bbox 1067 2749 1248 2814; x_wconf 90' lang='lat' dir='ltr'><em>porcorum,</em></span> <span class='ocrx_word' id='word_1_119' title='bbox 1264 2733 1299 2795; x_wconf 90' lang='lat' dir='ltr'><em>et</em></span> 
     </span>
     <span class='ocr_line' id='line_1_17' title="bbox 247 2827 1299 2918; baseline 0.001 -21"><span class='ocrx_word' id='word_1_120' title='bbox 247 2832 459 2898; x_wconf 81' lang='lat' dir='ltr'><em>medietatem</em></span> <span class='ocrx_word' id='word_1_121' title='bbox 481 2828 628 2916; x_wconf 79' lang='lat' dir='ltr'><em>capitum</em></span> <span class='ocrx_word' id='word_1_122' title='bbox 650 2827 824 2908; x_wconf 82' lang='lat' dir='ltr'><em>hekerum,</em></span> <span class='ocrx_word' id='word_1_123' title='bbox 848 2833 883 2895; x_wconf 91' lang='grc' dir='ltr'><em>ιι</em></span> <span class='ocrx_word' id='word_1_124' title='bbox 905 2829 1117 2896; x_wconf 70' lang='lat' dir='ltr'><em>medictatem</em></span> <span class='ocrx_word' id='word_1_125' title='bbox 1151 2831 1299 2918; x_wconf 80' lang='lat' dir='ltr'><em>capitum</em></span> 
     </span>
    </p>

    <p class='ocr_par' dir='ltr' id='par_1_10' title="bbox 247 2931 1298 3020">
     <span class='ocr_line' id='line_1_18' title="bbox 247 2931 1298 3020; baseline 0 -19"><span class='ocrx_word' id='word_1_126' title='bbox 247 2939 282 3001; x_wconf 89' lang='grc' dir='ltr'><em>ιι</em></span> <span class='ocrx_word' id='word_1_127' title='bbox 304 2934 483 3000; x_wconf 78' lang='lat' dir='ltr'><em>caudarum</em></span> <span class='ocrx_word' id='word_1_128' title='bbox 506 2951 713 3020; x_wconf 78' lang='lat' dir='ltr'><em>ragenerum,</em></span> <span class='ocrx_word' id='word_1_129' title='bbox 736 2931 823 2998; x_wconf 83' lang='lat' dir='ltr'><em>sicut</em></span> <span class='ocrx_word' id='word_1_130' title='bbox 849 2931 1015 3018; x_wconf 85' lang='lat' dir='ltr'><em>percipere</em></span> <span class='ocrx_word' id='word_1_131' title='bbox 1048 2939 1298 3001; x_wconf 84' lang='lat' dir='ltr'><em>consueverunt.</em></span> 
     </span>
    </p>

    <p class='ocr_par' dir='ltr' id='par_1_11' title="bbox 246 3033 1299 3123">
     <span class='ocr_line' id='line_1_19' title="bbox 246 3033 1299 3123; baseline -0.001 -19"><span class='ocrx_word' id='word_1_132' title='bbox 246 3036 297 3104; x_wconf 91' lang='lat' dir='ltr'><em>De</em></span> <span class='ocrx_word' id='word_1_133' title='bbox 320 3035 463 3102; x_wconf 76' lang='lat' dir='ltr'><em>lardario</em></span> <span class='ocrx_word' id='word_1_134' title='bbox 485 3055 564 3100; x_wconf 83' lang='lat' dir='ltr'><em>uero</em></span> <span class='ocrx_word' id='word_1_135' title='bbox 586 3033 716 3100; x_wconf 86' lang='lat' dir='ltr'><em>ebbetis</em></span> <span class='ocrx_word' id='word_1_136' title='bbox 739 3033 921 3119; x_wconf 88' lang='lat' dir='ltr'><em>percipient</em></span> <span class='ocrx_word' id='word_1_137' title='bbox 944 3035 1096 3123; x_wconf 84' lang='lat' dir='ltr'><em>praedicti</em></span> <span class='ocrx_word' id='word_1_138' title='bbox 1113 3035 1299 3104; x_wconf 86' lang='lat' dir='ltr'><em>Willeimus</em></span> 
     </span>
    </p>

    <p class='ocr_par' dir='ltr' id='par_1_12' title="bbox 246 3133 1300 3842">
     <span class='ocr_line' id='line_1_20' title="bbox 247 3133 1299 3214; baseline 0.001 -9"><span class='ocrx_word' id='word_1_139' title='bbox 247 3143 280 3206; x_wconf 89' lang='lat' dir='ltr'><em>et</em></span> <span class='ocrx_word' id='word_1_140' title='bbox 319 3137 454 3204; x_wconf 87' lang='lat' dir='ltr'><em>heredes</em></span> <span class='ocrx_word' id='word_1_141' title='bbox 487 3137 548 3214; x_wconf 90' lang='lat' dir='ltr'><em>sui,</em></span> <span class='ocrx_word' id='word_1_142' title='bbox 586 3157 607 3204; x_wconf 83' lang='grc' dir='ltr'><em>ι</em></span> <span class='ocrx_word' id='word_1_143' title='bbox 635 3133 721 3202; x_wconf 84' lang='lat' dir='ltr'><em>festo</em></span> <span class='ocrx_word' id='word_1_144' title='bbox 759 3135 961 3203; x_wconf 75' lang='lat' dir='ltr'><em>Natiuitatis</em></span> <span class='ocrx_word' id='word_1_145' title='bbox 999 3137 1097 3204; x_wconf 85' lang='lat' dir='ltr'><em>Beeti</em></span> <span class='ocrx_word' id='word_1_146' title='bbox 1135 3137 1299 3206; x_wconf 77' lang='lat' dir='ltr'><em>iohannis</em></span> 
     </span>
     <span class='ocr_line' id='line_1_21' title="bbox 247 3237 1299 3327; baseline 0 -19"><span class='ocrx_word' id='word_1_147' title='bbox 247 3241 411 3327; x_wconf 81' lang='lat' dir='ltr'><em>Beptietae</em></span> <span class='ocrx_word' id='word_1_148' title='bbox 449 3261 553 3325; x_wconf 88' lang='lat' dir='ltr'><em>usque</em></span> <span class='ocrx_word' id='word_1_149' title='bbox 590 3237 713 3306; x_wconf 85' lang='lat' dir='ltr'><em>festum</em></span> <span class='ocrx_word' id='word_1_150' title='bbox 745 3237 990 3306; x_wconf 85' lang='lat' dir='ltr'><em>Purificetionie</em></span> <span class='ocrx_word' id='word_1_151' title='bbox 1022 3239 1136 3308; x_wconf 84' lang='grc' dir='ltr'>Βιιιιι</span> <span class='ocrx_word' id='word_1_152' title='bbox 1175 3242 1299 3320; x_wconf 74' lang='lat' dir='ltr'><em>Mariae,</em></span> 
     </span>
     <span class='ocr_line' id='line_1_22' title="bbox 247 3339 1300 3429; baseline 0.003 -20"><span class='ocrx_word' id='word_1_153' title='bbox 247 3342 459 3410; x_wconf 72' lang='lat' dir='ltr'><em>medietatem</em></span> <span class='ocrx_word' id='word_1_154' title='bbox 481 3339 570 3408; x_wconf 84' lang='lat' dir='ltr'><em>feodi</em></span> <span class='ocrx_word' id='word_1_155' title='bbox 592 3341 741 3428; x_wconf 73' lang='lat' dir='ltr'><em>coquinae</em></span> <span class='ocrx_word' id='word_1_156' title='bbox 765 3341 806 3408; x_wconf 91' lang='lat' dir='ltr'><em>de</em></span> <span class='ocrx_word' id='word_1_157' title='bbox 836 3341 949 3420; x_wconf 86' lang='lat' dir='ltr'><em>bobus,</em></span> <span class='ocrx_word' id='word_1_158' title='bbox 981 3343 1097 3429; x_wconf 87' lang='lat' dir='ltr'><em>porcis,</em></span> <span class='ocrx_word' id='word_1_159' title='bbox 1121 3349 1156 3410; x_wconf 91' lang='grc' dir='ltr'><em>ιι</em></span> <span class='ocrx_word' id='word_1_160' title='bbox 1178 3345 1300 3412; x_wconf 88' lang='lat' dir='ltr'><em>multo-</em></span> 
     </span>
     <span class='ocr_line' id='line_1_23' title="bbox 247 3442 1299 3536; baseline 0.003 -26"><span class='ocrx_word' id='word_1_161' title='bbox 247 3444 355 3524; x_wconf 88' lang='lat' dir='ltr'><em>nibus,</em></span> <span class='ocrx_word' id='word_1_162' title='bbox 377 3448 512 3512; x_wconf 81' lang='lat' dir='ltr'><em>tentum</em></span> <span class='ocrx_word' id='word_1_163' title='bbox 546 3442 633 3512; x_wconf 88' lang='lat' dir='ltr'><em>sicut</em></span> <span class='ocrx_word' id='word_1_164' title='bbox 665 3443 816 3531; x_wconf 85' lang='lat' dir='ltr'><em>superius</em></span> <span class='ocrx_word' id='word_1_165' title='bbox 850 3443 981 3530; x_wconf 83' lang='lat' dir='ltr'><em>plenius</em></span> <span class='ocrx_word' id='word_1_166' title='bbox 1015 3451 1066 3511; x_wconf 85' lang='lat' dir='ltr'><em>eet</em></span> <span class='ocrx_word' id='word_1_167' title='bbox 1098 3468 1299 3536; x_wconf 84' lang='lat' dir='ltr'><em>expressum,</em></span> 
     </span>
     <span class='ocr_line' id='line_1_24' title="bbox 247 3545 1300 3635; baseline 0.002 -21"><span class='ocrx_word' id='word_1_168' title='bbox 247 3548 334 3616; x_wconf 85' lang='lat' dir='ltr'><em>sieut</em></span> <span class='ocrx_word' id='word_1_169' title='bbox 355 3547 522 3635; x_wconf 86' lang='lat' dir='ltr'><em>percipere</em></span> <span class='ocrx_word' id='word_1_170' title='bbox 544 3548 798 3614; x_wconf 87' lang='lat' dir='ltr'><em>consueverunt.</em></span> <span class='ocrx_word' id='word_1_171' title='bbox 844 3545 907 3612; x_wconf 90' lang='lat' dir='ltr'><em>Pro</em></span> <span class='ocrx_word' id='word_1_172' title='bbox 929 3547 1030 3632; x_wconf 88' lang='lat' dir='ltr'><em>hujus</em></span> <span class='ocrx_word' id='word_1_173' title='bbox 1064 3552 1177 3616; x_wconf 86' lang='lat' dir='ltr'><em>eutem</em></span> <span class='ocrx_word' id='word_1_174' title='bbox 1211 3550 1300 3617; x_wconf 87' lang='lat' dir='ltr'><em>feodi</em></span> 
     </span>
     <span class='ocr_line' id='line_1_25' title="bbox 247 3647 1299 3735; baseline 0.001 -17"><span class='ocrx_word' id='word_1_175' title='bbox 247 3650 451 3718; x_wconf 79' lang='lat' dir='ltr'><em>concessione</em></span> <span class='ocrx_word' id='word_1_176' title='bbox 486 3647 660 3716; x_wconf 85' lang='lat' dir='ltr'><em>invenient</em></span> <span class='ocrx_word' id='word_1_177' title='bbox 691 3649 842 3735; x_wconf 83' lang='lat' dir='ltr'><em>praedicti</em></span> <span class='ocrx_word' id='word_1_178' title='bbox 876 3647 1062 3716; x_wconf 88' lang='lat' dir='ltr'><em>Willelmus</em></span> <span class='ocrx_word' id='word_1_179' title='bbox 1096 3667 1131 3718; x_wconf 85' lang='grc' dir='ltr'><em>ιι</em></span> <span class='ocrx_word' id='word_1_180' title='bbox 1163 3651 1299 3719; x_wconf 87' lang='lat' dir='ltr'><em>heredes</em></span> 
     </span>
     <span class='ocr_line' id='line_1_26' title="bbox 246 3751 1299 3842; baseline 0 -22"><span class='ocrx_word' id='word_1_181' title='bbox 246 3751 299 3820; x_wconf 87' lang='lat' dir='ltr'><em>sui</em></span> <span class='ocrx_word' id='word_1_182' title='bbox 322 3753 359 3818; x_wconf 91' lang='lat' dir='ltr'><em>in</em></span> <span class='ocrx_word' id='word_1_183' title='bbox 391 3751 532 3840; x_wconf 77' lang='lat' dir='ltr'><em>coquina.</em></span> <span class='ocrx_word' id='word_1_184' title='bbox 563 3755 746 3819; x_wconf 82' lang='lat' dir='ltr'><em>conventus</em></span> <span class='ocrx_word' id='word_1_185' title='bbox 776 3772 882 3816; x_wconf 91' lang='lat' dir='ltr'><em>unum</em></span> <span class='ocrx_word' id='word_1_186' title='bbox 913 3772 1026 3820; x_wconf 91' lang='lat' dir='ltr'><em>cocum</em></span> <span class='ocrx_word' id='word_1_187' title='bbox 1059 3760 1299 3842; x_wconf 87' lang='lat' dir='ltr'><em>competentem</em></span> 
     </span>
    </p>

    <p class='ocr_par' dir='ltr' id='par_1_13' title="bbox 247 3853 1301 4150">
     <span class='ocr_line' id='line_1_27' title="bbox 248 3853 1301 3943; baseline -0.001 -20"><span class='ocrx_word' id='word_1_188' title='bbox 248 3861 283 3923; x_wconf 91' lang='grc' dir='ltr'><em>ιι</em></span> <span class='ocrx_word' id='word_1_189' title='bbox 304 3853 444 3935; x_wconf 88' lang='lat' dir='ltr'><em>fidelem,</em></span> <span class='ocrx_word' id='word_1_190' title='bbox 468 3853 526 3940; x_wconf 90' lang='lat' dir='ltr'><em>qui</em></span> <span class='ocrx_word' id='word_1_191' title='bbox 548 3853 633 3921; x_wconf 84' lang='lat' dir='ltr'><em>sciet</em></span> <span class='ocrx_word' id='word_1_192' title='bbox 658 3875 697 3928; x_wconf 80' lang='grc' dir='ltr'><em>ιι</em></span> <span class='ocrx_word' id='word_1_193' title='bbox 719 3853 824 3920; x_wconf 87' lang='lat' dir='ltr'><em>fecere</em></span> <span class='ocrx_word' id='word_1_194' title='bbox 845 3875 919 3940; x_wconf 81' lang='lat' dir='ltr'><em>quae</em></span> <span class='ocrx_word' id='word_1_195' title='bbox 942 3859 1022 3920; x_wconf 87' lang='lat' dir='ltr'><em>sunt</em></span> <span class='ocrx_word' id='word_1_196' title='bbox 1044 3855 1080 3920; x_wconf 90' lang='lat' dir='ltr'><em>in</em></span> <span class='ocrx_word' id='word_1_197' title='bbox 1103 3858 1245 3943; x_wconf 79' lang='lat' dir='ltr'><em>coquina</em></span> <span class='ocrx_word' id='word_1_198' title='bbox 1267 3864 1301 3924; x_wconf 86' lang='lat' dir='ltr'><em>et</em></span> 
     </span>
     <span class='ocr_line' id='line_1_28' title="bbox 247 3956 1298 4046; baseline 0.003 -22"><span class='ocrx_word' id='word_1_199' title='bbox 247 3959 391 4026; x_wconf 69' lang='lat' dir='ltr'><em>lardario</em></span> <span class='ocrx_word' id='word_1_200' title='bbox 421 3961 605 4024; x_wconf 85' lang='lat' dir='ltr'><em>conventus</em></span> <span class='ocrx_word' id='word_1_201' title='bbox 638 3956 796 4024; x_wconf 76' lang='lat' dir='ltr'><em>faciende</em></span> <span class='ocrx_word' id='word_1_202' title='bbox 843 3956 889 4021; x_wconf 89' lang='lat' dir='ltr'><em>Et</em></span> <span class='ocrx_word' id='word_1_203' title='bbox 921 3957 950 4022; x_wconf 85' lang='lat' dir='ltr'><em>si</em></span> <span class='ocrx_word' id='word_1_204' title='bbox 983 3978 1079 4025; x_wconf 90' lang='lat' dir='ltr'><em>cocus</em></span> <span class='ocrx_word' id='word_1_205' title='bbox 1110 3959 1176 4039; x_wconf 90' lang='lat' dir='ltr'><em>ille,</em></span> <span class='ocrx_word' id='word_1_206' title='bbox 1200 3983 1298 4046; x_wconf 87' lang='lat' dir='ltr'><em>quem</em></span> 
     </span>
     <span class='ocr_line' id='line_1_29' title="bbox 248 4057 1300 4150; baseline 0.003 -22"><span class='ocrx_word' id='word_1_207' title='bbox 248 4062 329 4129; x_wconf 91' lang='lat' dir='ltr'><em>dicti</em></span> <span class='ocrx_word' id='word_1_208' title='bbox 362 4059 546 4127; x_wconf 88' lang='lat' dir='ltr'><em>Willelmne</em></span> <span class='ocrx_word' id='word_1_209' title='bbox 569 4063 604 4126; x_wconf 90' lang='grc' dir='ltr'><em>ιι</em></span> <span class='ocrx_word' id='word_1_210' title='bbox 638 4057 774 4126; x_wconf 85' lang='lat' dir='ltr'><em>heredes</em></span> <span class='ocrx_word' id='word_1_211' title='bbox 805 4059 857 4124; x_wconf 89' lang='lat' dir='ltr'><em>sui</em></span> <span class='ocrx_word' id='word_1_212' title='bbox 889 4059 1087 4140; x_wconf 88' lang='lat' dir='ltr'><em>invenerint,</em></span> <span class='ocrx_word' id='word_1_213' title='bbox 1118 4062 1155 4126; x_wconf 90' lang='lat' dir='ltr'><em>in</em></span> <span class='ocrx_word' id='word_1_214' title='bbox 1188 4062 1300 4150; x_wconf 80' lang='lat' dir='ltr'><em>aliquo</em></span> 
     </span>
    </p>

    <p class='ocr_par' dir='ltr' id='par_1_14' title="bbox 247 4161 1427 4765">
     <span class='ocr_line' id='line_1_30' title="bbox 247 4161 1299 4250; baseline 0.002 -20"><span class='ocrx_word' id='word_1_215' title='bbox 247 4165 284 4230; x_wconf 91' lang='lat' dir='ltr'><em>in</em></span> <span class='ocrx_word' id='word_1_216' title='bbox 306 4162 447 4250; x_wconf 80' lang='lat' dir='ltr'><em>coquina</em></span> <span class='ocrx_word' id='word_1_217' title='bbox 469 4183 527 4228; x_wconf 84' lang='lat' dir='ltr'><em>seu</em></span> <span class='ocrx_word' id='word_1_218' title='bbox 560 4161 702 4229; x_wconf 78' lang='lat' dir='ltr'><em>lardario</em></span> <span class='ocrx_word' id='word_1_219' title='bbox 735 4161 867 4228; x_wconf 84' lang='lat' dir='ltr'><em>ebbetis</em></span> <span class='ocrx_word' id='word_1_220' title='bbox 898 4162 952 4227; x_wconf 85' lang='lat' dir='ltr'><em>vel</em></span> <span class='ocrx_word' id='word_1_221' title='bbox 984 4168 1167 4231; x_wconf 85' lang='lat' dir='ltr'><em>conventus</em></span> <span class='ocrx_word' id='word_1_222' title='bbox 1199 4165 1299 4232; x_wconf 87' lang='lat' dir='ltr'><em>mele·</em></span> 
     </span>
     <span class='ocr_line' id='line_1_31' title="bbox 247 4263 1299 4352; baseline 0.005 -21"><span class='ocrx_word' id='word_1_223' title='bbox 247 4265 370 4346; x_wconf 86' lang='lat' dir='ltr'><em>fecerit,</em></span> <span class='ocrx_word' id='word_1_224' title='bbox 394 4263 554 4334; x_wconf 82' lang='lat' dir='ltr'><em>concessit</em></span> <span class='ocrx_word' id='word_1_225' title='bbox 575 4265 754 4352; x_wconf 76' lang='lat' dir='ltr'><em>praedictus</em></span> <span class='ocrx_word' id='word_1_226' title='bbox 777 4263 963 4332; x_wconf 84' lang='lat' dir='ltr'><em>Willelmus</em></span> <span class='ocrx_word' id='word_1_227' title='bbox 993 4288 1054 4352; x_wconf 91' lang='lat' dir='ltr'><em>pro</em></span> <span class='ocrx_word' id='word_1_228' title='bbox 1092 4289 1127 4334; x_wconf 89' lang='lat' dir='ltr'><em>se</em></span> <span class='ocrx_word' id='word_1_229' title='bbox 1150 4273 1184 4334; x_wconf 87' lang='grc' dir='ltr'><em>ιι</em></span> <span class='ocrx_word' id='word_1_230' title='bbox 1205 4269 1299 4336; x_wconf 87' lang='lat' dir='ltr'><em>here-</em></span> 
     </span>
     <span class='ocr_line' id='line_1_32' title="bbox 248 4367 1427 4456; baseline 0.003 -22"><span class='ocrx_word' id='word_1_231' title='bbox 248 4370 347 4435; x_wconf 90' lang='lat' dir='ltr'><em>dibus</em></span> <span class='ocrx_word' id='word_1_232' title='bbox 369 4369 446 4448; x_wconf 82' lang='lat' dir='ltr'><em>suis,</em></span> <span class='ocrx_word' id='word_1_233' title='bbox 469 4367 558 4456; x_wconf 91' lang='lat' dir='ltr'><em>quod</em></span> <span class='ocrx_word' id='word_1_234' title='bbox 580 4367 616 4433; x_wconf 92' lang='lat' dir='ltr'><em>id</em></span> <span class='ocrx_word' id='word_1_235' title='bbox 638 4389 697 4455; x_wconf 89' lang='lat' dir='ltr'><em>per</em></span> <span class='ocrx_word' id='word_1_236' title='bbox 728 4368 905 4456; x_wconf 88' lang='lat' dir='ltr'><em>proborum</em></span> <span class='ocrx_word' id='word_1_237' title='bbox 939 4369 1086 4437; x_wconf 89' lang='lat' dir='ltr'><em>virorum</em></span> <span class='ocrx_word' id='word_1_238' title='bbox 1118 4371 1228 4436; x_wconf 86' lang='lat' dir='ltr'><em>visum</em></span> <span class='ocrx_word' id='word_1_239' title='bbox 1267 4378 1301 4439; x_wconf 89' lang='lat' dir='ltr'><em>et</em></span> <span class='ocrx_word' id='word_1_240' title='bbox 1314 4379 1330 4429; x_wconf 81' lang='lat' dir='ltr'><em>f.</em></span> <span class='ocrx_word' id='word_1_241' title='bbox 1343 4384 1391 4428; x_wconf 70' lang='grc' dir='ltr'><em>ιιι</em></span> <span class='ocrx_word' id='word_1_242' title='bbox 1405 4378 1427 4429; x_wconf 77' lang='lat' dir='ltr'><em>t·</em></span> 
     </span>
     <span class='ocr_line' id='line_1_33' title="bbox 249 4471 1302 4560; baseline 0 -20"><span class='ocrx_word' id='word_1_243' title='bbox 249 4472 424 4540; x_wconf 80' lang='lat' dir='ltr'><em>arbitrium</em></span> <span class='ocrx_word' id='word_1_244' title='bbox 457 4471 655 4538; x_wconf 79' lang='lat' dir='ltr'><em>festinanter</em></span> <span class='ocrx_word' id='word_1_245' title='bbox 687 4471 880 4538; x_wconf 87' lang='lat' dir='ltr'><em>emendetur</em></span> <span class='ocrx_word' id='word_1_246' title='bbox 911 4473 1078 4560; x_wconf 72' lang='lat' dir='ltr'><em>praedictis</em></span> <span class='ocrx_word' id='word_1_247' title='bbox 1112 4474 1226 4541; x_wconf 82' lang='lat' dir='ltr'><em>abbati</em></span> <span class='ocrx_word' id='word_1_248' title='bbox 1267 4481 1302 4540; x_wconf 85' lang='grc' dir='ltr'><em>ιι</em></span> 
     </span>
     <span class='ocr_line' id='line_1_34' title="bbox 250 4573 1302 4670; baseline -0.001 -26"><span class='ocrx_word' id='word_1_249' title='bbox 250 4573 437 4644; x_wconf 88' lang='lat' dir='ltr'><em>conventui.</em></span> <span class='ocrx_word' id='word_1_250' title='bbox 485 4573 650 4642; x_wconf 86' lang='lat' dir='ltr'><em>Preeteree</em></span> <span class='ocrx_word' id='word_1_251' title='bbox 671 4575 845 4642; x_wconf 85' lang='lat' dir='ltr'><em>invenient</em></span> <span class='ocrx_word' id='word_1_252' title='bbox 867 4575 949 4644; x_wconf 87' lang='lat' dir='ltr'><em>dicti</em></span> <span class='ocrx_word' id='word_1_253' title='bbox 971 4576 1157 4670; x_wconf 80' lang='lat' dir='ltr'><em>willelmus</em></span> <span class='ocrx_word' id='word_1_254' title='bbox 1187 4582 1222 4642; x_wconf 91' lang='lat' dir='ltr'><em>et</em></span> <span class='ocrx_word' id='word_1_255' title='bbox 1245 4577 1302 4643; x_wconf 89' lang='lat' dir='ltr'><em>he·</em></span> 
     </span>
     <span class='ocr_line' id='line_1_35' title="bbox 249 4677 1302 4765; baseline 0.001 -22"><span class='ocrx_word' id='word_1_256' title='bbox 249 4678 343 4743; x_wconf 85' lang='lat' dir='ltr'><em>redes</em></span> <span class='ocrx_word' id='word_1_257' title='bbox 365 4677 418 4743; x_wconf 88' lang='lat' dir='ltr'><em>sui</em></span> <span class='ocrx_word' id='word_1_258' title='bbox 440 4678 531 4744; x_wconf 89' lang='lat' dir='ltr'><em>omni</em></span> <span class='ocrx_word' id='word_1_259' title='bbox 554 4681 701 4765; x_wconf 88' lang='lat' dir='ltr'><em>tempore</em></span> <span class='ocrx_word' id='word_1_260' title='bbox 730 4678 811 4744; x_wconf 87' lang='lat' dir='ltr'><em>enni</em></span> <span class='ocrx_word' id='word_1_261' title='bbox 846 4679 1058 4746; x_wconf 76' lang='lat' dir='ltr'><em>medietatem</em></span> <span class='ocrx_word' id='word_1_262' title='bbox 1090 4677 1302 4760; x_wconf 82' lang='lat' dir='ltr'><em>servientum,</em></span> 
     </span>
    </p>
   </div>
   <div class='ocr_carea' id='block_1_10' title="bbox 250 4779 1305 4951">
    <p class='ocr_par' dir='ltr' id='par_1_15' title="bbox 250 4779 1305 4951">
     <span class='ocr_line' id='line_1_36' title="bbox 250 4779 1305 4930; baseline 0.004 -84"><span class='ocrx_word' id='word_1_263' title='bbox 250 4781 308 4867; x_wconf 91' lang='lat' dir='ltr'><em>qui</em></span> <span class='ocrx_word' id='word_1_264' title='bbox 331 4779 521 4930; x_wconf 67' lang='lat' dir='ltr'><em>spmptibue</em></span> <span class='ocrx_word' id='word_1_265' title='bbox 544 4780 613 4846; x_wconf 85' lang='lat' dir='ltr'><em>suis</em></span> <span class='ocrx_word' id='word_1_266' title='bbox 647 4781 755 4848; x_wconf 85' lang='lat' dir='ltr'><em>scient</em></span> <span class='ocrx_word' id='word_1_267' title='bbox 786 4781 967 4848; x_wconf 76' lang='lat' dir='ltr'><em>lardarium</em></span> <span class='ocrx_word' id='word_1_268' title='bbox 1001 4781 1131 4849; x_wconf 73' lang='lat' dir='ltr'><em>abbatis</em></span> <span class='ocrx_word' id='word_1_269' title='bbox 1164 4783 1247 4849; x_wconf 90' lang='lat' dir='ltr'><em>benc</em></span> <span class='ocrx_word' id='word_1_270' title='bbox 1270 4790 1305 4850; x_wconf 88' lang='lat' dir='ltr'><em>et</em></span> 
     </span>
     <span class='ocr_line' id='line_1_37' title="bbox 377 4885 1169 4951; baseline 0.003 -21"><span class='ocrx_word' id='word_1_271' title='bbox 377 4885 417 4930; x_wconf 86' lang='lat' dir='ltr'><em>eo.</em></span> <span class='ocrx_word' id='word_1_272' title='bbox 1145 4903 1169 4951; x_wconf 79' lang='lat' dir='ltr'>Y</span> 
     </span>
    </p>
   </div>
   <div class='ocr_carea' id='block_1_11' title="bbox 0 0 1773 5808">
    <p class='ocr_par' dir='ltr' id='par_1_16' title="bbox 0 0 1773 5808">
     <span class='ocr_line' id='line_1_38' title="bbox 0 0 1773 5808; baseline 0 0"><span class='ocrx_word' id='word_1_273' title='bbox 0 0 1773 5808; x_wconf 95' lang='lat' dir='ltr'><em> </em></span> 
     </span>
    </p>
   </div>
  </div>
 </body>
</html>
