3578 5808
423 853 465 916 26
675 865 873 915 REGISTRUM
898 863 1221 915 MALMESBURIENSE.

421 1072 491 1116 ram
514 1051 757 1136 pertinentibus
779 1057 814 1115 et
835 1051 1029 1136 praedicturn
1052 1051 1262 1137 mesuagium.
1310 1050 1364 1116 Ita
1386 1050 1475 1136 quod

421 1174 481 1239 ego
504 1152 612 1217 dictus
635 1153 831 1238 Radulpbus
863 1159 897 1218 et
930 1153 1065 1218 heredes
1097 1153 1162 1218 mei
1185 1152 1474 1217 warantizabimus

420 1254 519 1318 istam
554 1255 774 1331 elemosinam,
797 1255 883 1320 sicut
918 1255 1083 1342 descripta
1116 1261 1175 1330 est,
1199 1276 1273 1319 cum
1307 1255 1474 1340 mesuagio

420 1362 454 1420 ct
476 1356 545 1420 suis
567 1357 787 1443 pertinentiis,
809 1364 844 1420 et
866 1379 941 1421 cum
974 1357 1146 1420 nominata
1168 1355 1333 1432 libertate,
1357 1362 1472 1422 contra

421 1479 532 1522 omnes
555 1457 713 1534 homines,
735 1464 770 1522 et
801 1463 916 1524 contra
942 1479 1054 1522 omnes
1085 1457 1244 1523 foeminas.
1291 1457 1336 1520 Et
1358 1457 1474 1542 adqui-

421 1560 585 1624 etabimus
607 1581 679 1624 eam
714 1560 755 1623 de
787 1558 877 1624 omni
905 1559 1042 1622 servitio
1065 1565 1100 1622 et
1122 1559 1360 1624 consuetudine
1383 1581 1472 1624 secu·

421 1661 492 1726 lari.
541 1661 585 1725 Et
607 1666 647 1726 ut
668 1660 740 1726 haec
763 1682 836 1726 mea
858 1660 1072 1737 confirmatio,
1096 1665 1157 1725 etc.

819 1903 898 1968 Car.
924 1903 1069 1968 CLXVI.

599 2055 705 2135 Idem,
728 2055 768 2120 de
790 2056 870 2142 ipso
892 2055 1008 2121 ecdem
1029 2055 1165 2139 uirgato
1187 2061 1292 2121 torace.

466 2195 581 2260 Sciant
602 2202 672 2260 tam
695 2202 873 2282 praesentes
896 2215 995 2280 quam
1017 2193 1122 2258 futuri
1146 2193 1234 2279 quod
1265 2214 1324 2279 ego
1348 2191 1472 2257 Radul-

420 2301 473 2366 fus
505 2303 545 2366 de
580 2301 732 2378 Pinkeni,
754 2322 914 2366 consensu
947 2306 981 2364 et
1009 2322 1145 2364 assensu
1178 2299 1311 2364 Radulfi
1343 2299 1471 2363 heredis

421 2405 487 2468 mei
509 2411 545 2468 ct
569 2404 707 2468 Walteri
729 2403 841 2468 fratris
873 2397 953 2488 ejus,
976 2423 1035 2487 pro
1067 2402 1261 2466 necessitate
1296 2423 1370 2466 mea
1392 2423 1470 2466 ven-

420 2506 490 2570 didi
514 2505 647 2570 domino
662 2503 808 2569 Waltero
830 2504 944 2586 abbati
967 2509 1001 2567 et
1024 2501 1167 2568 ecclesiae
1182 2502 1223 2567 dc
1239 2501 1472 2567 Malmesburia

421 2629 520 2672 unam
546 2607 708 2692 virgatam
731 2613 827 2670 terrae
850 2605 886 2668 in
909 2605 1083 2670 Serestone
1113 2627 1172 2690 pro
1195 2604 1238 2668 vi.
1271 2605 1388 2670 marcis
1420 2625 1470 2668 ar-

420 2710 532 2797 genti:
563 2709 655 2774 illam
678 2708 802 2774 scilicet
831 2730 930 2794 quam
955 2707 1063 2772 Adam
1098 2707 1138 2772 de
1174 2697 1318 2772 Oulerna
1341 2707 1472 2783 tenuit;

419 2813 551 2888 scilicet,
575 2811 697 2897 viginti
720 2818 754 2874 et
776 2831 877 2875 unam
899 2831 1009 2875 acram
1039 2810 1075 2873 in
1107 2830 1172 2872 uno
1189 2827 1330 2893 'campo
1365 2815 1400 2873 et
1421 2809 1471 2871 vi-

419 2916 505 3002 ginti
529 2923 563 2980 et
585 2936 685 2979 unam
708 2935 817 2980 acram
840 2913 876 2976 in
891 2913 956 2978 alio
972 2935 1094 2998 campo,
1111 2933 1185 2978 cum
1201 2912 1368 2998 mesuagio
1383 2911 1471 2996 quod

420 3018 615 3082 Aldewinus
637 3017 678 3081 de
704 3016 899 3102 Muggeford
930 3015 1049 3094 tenuit,
1073 3037 1148 3080 cum
1180 3014 1286 3079 crofta
1308 3036 1382 3100 quae
1405 3015 1470 3078 sita

419 3127 469 3185 est
491 3127 569 3186 ante
592 3120 634 3185 ad
657 3119 868 3194 occidentem,
890 3124 925 3182 et
947 3123 1036 3182 terra
1058 3139 1131 3202 quae
1154 3117 1219 3180 sita
1241 3122 1292 3182 est
1314 3116 1470 3180 adversus

368 3233 373 3240 '
420 3226 588 3300 orientem,
612 3243 686 3306 quae
719 3227 770 3284 est
802 3220 942 3284 duarum
974 3241 1132 3296 acrarum,
1157 3219 1245 3282 inter
1278 3240 1398 3304 aquam
1436 3225 1470 3281 et

419 3327 578 3401 semitam,
595 3347 668 3409 quae
699 3323 821 3386 dividit
851 3321 1051 3386 dominicum
1074 3321 1117 3386 ab
1139 3320 1197 3385 illa
1219 3325 1324 3384 terra:
1357 3327 1468 3386 tenen-

420 3429 496 3491 dam
526 3431 560 3491 et
591 3425 777 3490 habendam
809 3425 850 3488 de
882 3446 934 3487 me
970 3429 1004 3487 et
1038 3423 1213 3487 heredibus
1247 3423 1337 3498 meis,
1360 3422 1468 3496 libere,

421 3531 532 3614 quiete
556 3534 590 3591 et
611 3527 799 3606 honorifice,
823 3527 858 3589 in
881 3525 995 3611 pratis,
1020 3525 1056 3588 in
1088 3525 1226 3610 pascuis,
1250 3525 1285 3588 in
1307 3525 1410 3610 aquis,
1433 3525 1468 3587 in

420 3629 625 3706 molendinis,
648 3629 684 3690 in
706 3628 780 3704 viis,
803 3628 839 3691 in
861 3627 996 3704 semitis,
1019 3632 1054 3690 et
1084 3627 1119 3690 in
1154 3626 1307 3690 omnibus
1329 3626 1372 3690 ad
1395 3647 1470 3690 ean-

419 3734 493 3799 dem
526 3739 647 3796 terram
678 3731 930 3816 pertinentibus,
953 3736 988 3796 et
1019 3729 1214 3814 preadictum
1248 3728 1450 3815 mesuagium
1462 3753 1470 3807 ;

418 3835 584 3901 reddendo
606 3834 693 3897 idem
710 3833 883 3898 annuatim
907 3831 989 3894 mihi
1006 3830 1058 3895 vel
1073 3830 1249 3897 heredibus
1271 3831 1353 3896 meis
1369 3853 1468 3896 unam

418 3940 537 4004 libram
560 3936 673 4003 cimini
696 3936 740 4000 ad
775 3936 941 4000 nundinas
974 3935 1063 3999 beati
1085 3932 1254 3999 Addhehni
1289 3954 1348 4018 pro
1379 3936 1468 3999 omni

419 4041 555 4107 servitio
577 4046 611 4104 et
633 4038 871 4104 consuetudine
905 4036 1051 4102 seculari.
1099 4035 1143 4099 Et
1176 4057 1237 4122 ego
1265 4035 1468 4120 jamdictus

418 4141 613 4228 Radulphus
646 4141 686 4205 de
710 4140 862 4217 Pinkeni,
886 4145 921 4204 et
951 4138 1087 4203 heredes
1118 4137 1192 4213 mei,
1216 4137 1302 4202 hanc
1332 4139 1469 4222 praedic·

418 4253 487 4310 tam
511 4251 729 4308 terinaneum
753 4241 920 4327 mesuagio
952 4239 1190 4326 praenominato
1224 4239 1322 4302 dictis
1355 4241 1469 4305 abbati

418 4354 453 4412 et
476 4346 617 4413 eoclesiae
657 4345 771 4430 Sancti
802 4343 970 4409 Aldhelmi
1010 4343 1050 4407 de
1084 4341 1319 4408 Malmesburia
1355 4351 1470 4410 eontra

418 4473 530 4515 omnes
552 4450 700 4514 homines
723 4455 757 4512 et
789 4448 943 4514 foeminas
966 4447 1182 4512 warantizare
1215 4445 1379 4510 debemus.
1427 4446 1470 4509 Et

418 4561 457 4618 ut
488 4554 560 4620 haec
591 4574 665 4618 mea
687 4551 836 4620 venditio
871 4557 944 4616 rata
974 4555 1008 4614 et
1042 4549 1235 4616 inconcussa
1266 4553 1468 4635 permaneat,

417 4661 538 4746 scripto
560 4659 715 4744 prasenti
738 4679 812 4724 oum
836 4655 936 4741 sigilii
969 4655 1035 4719 mei
1068 4653 1274 4740 appositione
1298 4675 1370 4718 eam
1394 4675 1469 4720 con·

416 4763 553 4828 firmavi.
600 4762 704 4840 Teste,
728 4766 787 4826 etc.
1244 4773 1246 4778 ’
