3524 5808
670 901 850 950 ιιιιιιιιιιιι
873 903 908 952 11.
1252 888 1316 952 395

266 1090 466 1168 inconcusso,
488 1113 631 1178 praesens
663 1093 822 1177 scriptum
855 1093 961 1157 eidem
985 1091 1165 1178 Rodulpho
1196 1090 1319 1156 tradidi

266 1193 374 1280 sigillo
408 1216 481 1259 meo
511 1195 709 1260 roboratum.
757 1194 835 1258 Hiis
863 1195 1012 1270 testibus,
1035 1194 1168 1259 domino
1193 1193 1320 1279 Rogero

265 1295 305 1358 de
338 1296 524 1374 Dsntescie‚
547 1296 674 1361 Thomo
706 1297 747 1361 de
774 1295 982 1373 Wistemiall,
1007 1296 1135 1382 Rogero
1158 1295 1198 1360 de
1222 1295 1319 1362 Cam-

265 1397 373 1482 ponis,
397 1399 531 1464 Matheo
556 1398 660 1475 Cotel,
685 1397 850 1464 Willelmo
869 1397 1005 1474 Waven,
1023 1397 1183 1462 Silvestro
1206 1396 1320 1472 Luvel,
1398 1433 1402 1440 ·

265 1500 407 1586 Hugono
453 1502 494 1567 de
532 1501 733 1578 Comcrwlle,
772 1499 938 1566 Willelmo
977 1498 1135 1575 Cinnoch,
1172 1499 1320 1564 Woltero

266 1602 369 1691 Strug
392 1609 426 1670 et
448 1604 563 1670 multis
585 1605 667 1670 eliis.

311 1805 426 1871 Sciant
448 1811 516 1872 tom
541 1811 720 1893 praesentes
743 1827 842 1891 quam
865 1805 970 1870 futuri
1005 1805 1092 1891 quod
1116 1821 1176 1892 ego
1199 1795 1347 1871 Petrusf·
1360 1801 1418 1846 ²⁹⁸·
1499 1813 1511 1826 '

266 1908 328 1972 Dei
360 1931 419 1996 gra
421 1911 469 1975 tia
421 1909 601 1975 tebbas
625 1909 876 1986 Molmosburiae,
911 1930 1068 1975 consensu
1104 1911 1206 1974 totius
1241 1931 1316 1975 con·
1329 1887 1469 2060 ffbbossffl.
1451 1963 1490 2005 m

265 2015 394 2086 sentus,
418 2011 560 2076 concedo
591 2013 662 2076 Ant
663 2010 774 2076 helino
799 2012 943 2076 Mslduit
965 2017 1000 2076 et
1033 2010 1208 2076 heredibus
1240 2011 1317 2086 suis,
1330 2021 1457 2072 0f50mer

265 2119 370 2177 totam
393 2119 515 2178 terrem
539 2115 580 2178 de
603 2114 811 2179 Somerfordo
834 2136 908 2180 cum
932 2114 1085 2179 omnibus
1107 2115 1317 2200 pertinentiis
1330 2051 1469 2203 fideim-

265 2221 299 2280 et
321 2217 433 2280 omnis
454 2221 651 2293 tenemento,
668 2238 743 2301 quae
758 2221 854 2301 poter
875 2237 954 2280 suus
971 2214 1182 2281 Galchelinus
1198 2215 1315 2293 tenuit,
1329 2219 1423 2270 Maldu'
1418 2229 1444 2270 ιι

266 2317 409 2382 tenendo
429 2323 499 2382 tem
522 2317 624 2382 libere
656 2323 691 2382 et
722 2319 833 2402 quiete
869 2321 904 2382 et
934 2317 1062 2402 integre
1097 2319 1133 2380 in
1164 2317 1316 2381 omnibus

265 2420 351 2484 sicut
383 2425 479 2504 peter
511 2441 590 2484 suus
623 2419 742 2484 melius
783 2424 818 2484 et
849 2419 988 2483 liberius
1020 2421 1056 2484 in
1091 2441 1157 2484 uno
1192 2420 1245 2484 dis
1284 2426 1318 2485 et

265 2528 360 2588 nocte
390 2523 509 2598 tenuit,
541 2522 674 2600 scilicet,
706 2543 766 2608 pro
797 2523 898 2587 tertio
930 2527 1024 2607 parte
1056 2522 1186 2587 servicii
1219 2523 1318 2587 unius

264 2624 389 2689 militis.
451 2625 617 2703 'festibus
656 2624 800 2690 Eusebio
833 2625 985 2702 Contere,
1028 2625 1171 2711 Hugone
1206 2625 1247 2689 de
1285 2625 1319 2689 lo

266 2726 368 2806 More,
403 2726 581 2792 Godsfrido
604 2725 722 2792 clerico
754 2726 795 2792 de
831 2725 1049 2804 Somerforde,
1072 2726 1202 2812 Rogero
1236 2727 1320 2792 Mol-

266 2829 348 2906 duit,
371 2829 472 2894 fratre
496 2828 667 2905 Anthelin,
685 2828 875 2894 Alexandro
897 2830 1001 2894 fratre
1028 2829 1191 2894 Johonnis
1215 2829 1320 2894 Pisto-

265 2933 319 3008 1is,
342 2930 464 2996 Milone
489 2930 641 3008 Malduit,
664 2931 811 2996 Jordano
843 2932 883 2996 de
908 2931 1067 3008 Sterkele,
1101 2936 1135 2996 ct
1169 2931 1320 3016 pluribus

266 3031 346 3097 aliis.

309 3233 437 3298 Notum
461 3235 506 3297 sit
528 3233 681 3297 omnibus
703 3238 773 3296 tam
797 3233 849 3297 fut
835 3235 919 3297 turis
954 3254 1053 3318 quam
1088 3234 1315 3318 praesentibus,
1328 3237 1428 3290 ΕΜ

264 3336 351 3420 quod
375 3335 496 3421 egoG.
520 3335 622 3400 obbas
655 3333 798 3400 eeclesiis
823 3335 1131 3412 Molmesburiensis
1156 3341 1190 3400 et
1224 3341 1315 3399 totus
1329 3329 1456 3394 (³¹⁸⁰th

264 3438 406 3502 ccclesiae
441 3436 587 3523 ejusdcm
611 3441 804 3512 conventus,
828 3437 1045 3501 concessimus
1076 3442 1111 3502 et
1145 3439 1315 3502 confirmo·
1327 3396 1446 3527 ab?
1377 3412 1392 3446 ⁰
1370 3478 1432 3528 g0
1434 3480 1464 3526 5
1465 3463 1477 3528 j

264 3541 382 3616 simus,
405 3540 492 3604 siout
513 3538 584 3602 haec
607 3543 698 3602 corto
721 3543 873 3613 testatur,
888 3536 1042 3624 Wolwyo
1056 3539 1125 3604 filio
1149 3539 1373 3643 Estryldscson
1327 3529 1400 3578 ‘0W
1385 3529 1427 3646 0⁰¹
1428 3532 1468 3592 '5

265 3642 435 3707 dimidiam
458 3641 571 3705 hidam
594 3648 692 3705 terrie
713 3641 802 3724 apud
828 3640 960 3716 Sutton,
984 3642 1159 3706 tenendam
1194 3643 1257 3706 sibi
1280 3609 1404 3726 etsie,
1385 3595 1447 3712 0ιιι

264 3745 439 3810 heredibus
462 3743 530 3808 suis
564 3747 698 3828 propter
732 3743 919 3828 quindecim
954 3743 1074 3807 solidos
1106 3766 1187 3829 quos
1222 3744 1298 3809 dedi
1346 3809 1419 3846 uon

264 3847 359 3911 nobis
400 3847 435 3910 in
478 3845 625 3910 introitu
695 3844 877 3910 Reddendo
914 3844 992 3910 inde
1030 3846 1170 3931 singulis
1219 3848 1314 3912 annis
1422 3831 1428 3844 ’

264 3949 406 4014 ecclesiae
429 3949 541 4014 decem
564 3947 685 4012 solidos
708 3947 749 4011 de
771 3946 902 4032 gabulo,
920 3953 954 4012 et
977 3948 1018 4012 od
1043 3947 1165 4013 Notole
1181 3948 1317 4014 Domini

266 4051 436 4115 duodecim
474 4049 625 4114 denarios
663 4049 704 4112 de
743 4048 947 4134 Gearesgive.
1008 4049 1052 4113 Et
1089 4071 1148 4136 per
1185 4056 1317 4116 tentum

265 4155 396 4240 quietus
418 4154 463 4218 sit
485 4154 528 4217 ob
543 4153 631 4218 omni
648 4151 781 4237 querele
795 4158 830 4216 et
845 4153 1081 4217 consuetudine
1105 4159 1140 4218 et
1158 4156 1317 4234 servici03

265 4263 404 4342 excepto
436 4260 571 4320 arctura
604 4254 704 4317 unius
746 4275 831 4319 acrae
864 4276 964 4339 quom
999 4255 1097 4320 debet
1133 4277 1226 4320 orare
1257 4279 1317 4342 per

265 4379 396 4425 annum.
444 4356 520 4420 Hiis
542 4356 693 4433 testibus,
716 4355 892 4442 Radulpho
924 4357 964 4422 de
989 4357 1110 4422 Sancto
1143 4357 1315 4434 Gennano,

209 4461 216 4472 '
264 4459 475 4535 Constobulo,
524 4458 657 4523 Simone
707 4457 868 4534 Felestcd,
914 4459 1081 4525 Wiilelmo
1129 4459 1198 4523 filio
1246 4481 1314 4540 suo,

266 4561 424 4627 Gsufrido
459 4559 727 4636 Brenkeworthe,
764 4559 908 4624 Roberto
931 4560 1032 4624 fratre
1065 4561 1144 4644 ejus,
1168 4558 1314 4627 waltero

266 4665 307 4729 de
348 4663 569 4752 Newyntone,
607 4661 754 4727 Jordono
792 4663 833 4727 de
872 4662 1031 4742 Sterkole,
1070 4660 1235 4726 Willelmo
1273 4663 1314 4732 de
