3524 5808
430 862 496 926 384
847 879 1025 928 arrasum
1049 881 1070 930 1.

430 1065 540 1132 deesse
563 1087 630 1132 non
654 1067 762 1149 debet,
785 1067 979 1134 observetur
1009 1070 1046 1134 in
1077 1069 1231 1136 omnibus
1262 1076 1429 1136 statutum
1459 1089 1481 1134 a

430 1169 684 1254 praesidentibus
698 1171 821 1236 nostris
845 1193 944 1258 super
964 1171 1028 1238 hoc
1043 1173 1180 1250 editum,
1195 1178 1236 1237 ut
1257 1173 1424 1259 garrilitas
1447 1177 1482 1236 et

429 1271 610 1338 scurrilitas
633 1273 881 1352 subtrahantur,
897 1279 932 1340 et
954 1273 1073 1340 frames
1096 1274 1237 1340 lectione
1259 1275 1376 1340 divina
1396 1295 1480 1360 prse-

429 1373 523 1440 venti
561 1373 779 1459 spiritualiter
816 1375 904 1439 inter
938 1375 1052 1461 epulas
1084 1381 1283 1442 recreentur.
1328 1376 1361 1440 Α
1397 1377 1480 1442 festo

429 1474 563 1542 Paschae
586 1497 689 1561 usque
711 1477 755 1543 ad
786 1476 911 1542 festum
943 1477 1167 1544 Exaltationis
1200 1477 1333 1545 Sanctae
1359 1477 1479 1554 Crucis,

428 1576 611 1642 reficientes
643 1579 679 1642 in
710 1578 933 1646 misericordia
967 1578 1036 1643 sint
1067 1599 1181 1646 omnes
1211 1580 1407 1665 regulariter
1437 1581 1479 1644 ad

294 1719 296 1724 ,
429 1679 599 1746 meridiem
632 1680 668 1744 in
702 1684 876 1746 conventu.
930 1679 1017 1744 Aliis
1049 1702 1129 1747 vero
1160 1681 1241 1746 anni
1270 1683 1479 1768 temporibus

429 1803 504 1848 cum
535 1783 616 1848 satis
650 1783 852 1854 comederint
874 1788 910 1848 et
936 1783 1089 1861 biberint,
1114 1784 1233 1849 devote
1263 1785 1388 1870 gratias
1409 1785 1480 1849 Deo

429 1907 488 1970 pro
525 1885 692 1952 beneficiis
729 1886 830 1950 simul
856 1891 1000 1973 agentes,
1035 1886 1174 1952 honeste
1197 1894 1408 1954 revertantur
1444 1889 1480 1950 in

428 1987 615 2066 claustrum,
650 1989 693 2053 ad
727 1988 857 2054 tardius
888 2009 963 2054 cum
1001 1990 1181 2054 servientes
1219 1996 1401 2055 conventus
1437 1991 1479 2056 ad

429 2089 596 2154 ecclesiam
633 2089 729 2154 finito
767 2088 906 2175 prandio
943 2111 1019 2155 cum
1062 2091 1219 2157 miserere
1255 2092 1479 2177 processerint,

428 2190 624 2256 lectionibus
647 2191 771 2256 divinis
800 2213 835 2256 se
858 2196 1064 2277 occupantes
1088 2193 1143 2257 vel
1166 2193 1293 2268 saltem,
1316 2194 1344 2257 si
1368 2193 1478 2258 volue-

428 2293 505 2370 rint,
538 2293 693 2358 secretius
724 2297 863 2370 orantes,
896 2299 931 2358 et
964 2292 1026 2358 hoc
1059 2293 1146 2358 idem
1182 2299 1257 2380 post
1279 2315 1406 2360 ooenam
1437 2295 1479 2360 ab

428 2395 579 2460 omnibus
601 2399 636 2459 et
658 2395 797 2480 singulis
819 2395 960 2459 firmiter
983 2395 1182 2460 observetur.

472 2499 495 2563 J
496 2497 626 2564 unioros
642 2520 722 2564 vero
737 2498 795 2584 qui
811 2499 848 2562 in
863 2498 1086 2565 misericordia
1101 2500 1314 2577 comederint,
1330 2500 1479 2566 ordinate

427 2601 495 2668 sint
517 2601 560 2668 ad
582 2600 832 2686 completorium
856 2623 931 2666 oum
955 2606 1130 2679 conventu,
1154 2602 1220 2665 nisi
1243 2603 1421 2687 praesidens
1444 2604 1478 2666 in

427 2710 592 2770 conventu
615 2702 787 2788 specialem
811 2703 952 2788 gratiam
976 2702 1120 2781 voluerit
1147 2724 1245 2789 super
1277 2702 1340 2770 hoc
1372 2704 1479 2769 indul-

426 2827 512 2892 gere.
557 2805 723 2872 Morantes
746 2804 788 2870 de
810 2804 1034 2890 completorio,
1057 2825 1172 2870 omnes
1206 2805 1307 2870 simul
1329 2806 1479 2871 ordinata

426 2909 568 2995 priorem
590 2929 686 2972 suum
709 2911 884 2992 sequentes
907 2907 951 2972 ad
974 2905 1097 2972 ostium
1120 2907 1267 2993 capituli,
1283 2907 1371 2974 sicut
1392 2909 1479 2973 anti-

426 3011 539 3096 quitus
561 3009 633 3075 fieri
656 3009 838 3085 consuevit,
860 3003 1050 3094 compleant
1072 3009 1187 3074 debita
1208 3007 1291 3074 hora
1323 3011 1367 3076 ad
1399 3031 1480 3096 pau-

425 3113 594 3188 sationem,
628 3111 699 3176 sine
729 3111 872 3196 strepitu
904 3111 1068 3176 intrantes
1096 3111 1132 3175 in
1162 3111 1402 3190 dormitorium,
1433 3113 1482 3177 ita

425 3215 515 3301 quod
536 3214 619 3280 alios
641 3234 708 3279 non
734 3214 931 3298 inquietent.
979 3211 1169 3280 Elemosina
1200 3235 1221 3280 a
1254 3214 1481 3280 reficientibus

425 3318 461 3382 in
483 3317 707 3383 misericordia
728 3317 771 3382 ab
793 3315 948 3380 omnibus
971 3316 1153 3382 secundum
1176 3320 1325 3382 tenorem
1359 3318 1482 3383 statuti

424 3420 579 3497 salvetur,
603 3425 637 3486 et
659 3418 873 3496 custodiatur,
897 3417 933 3482 in
964 3439 1044 3482 usus
1067 3439 1250 3504 pauperum
1283 3421 1484 3487 reservanda

424 3523 548 3608 absque
571 3521 661 3588 omni
685 3519 928 3599 diminutione;
951 3541 1011 3586 nec
1038 3519 1099 3585 fiat
1121 3525 1256 3586 vastum
1279 3526 1358 3586 ante
1382 3544 1483 3608 pran-

425 3626 518 3690 dium
540 3645 601 3691 nec
623 3627 706 3711 post,
730 3644 796 3708 quo
820 3622 999 3688 elemosina
1023 3621 1059 3686 in
1081 3622 1194 3708 aliquo
1217 3622 1392 3702 decrescat,
1415 3626 1481 3690 nisi

425 3729 531 3814 petita
553 3727 687 3792 licentia
710 3731 744 3792 et
767 3729 905 3810 optenta
927 3724 1145 3811 praesidentis.

471 3826 624 3894 Monachi
646 3829 682 3892 in
705 3827 915 3892 infirmitorio
939 3847 999 3912 pro
1022 3826 1217 3892 infirmitate
1232 3832 1293 3893 aut
1309 3828 1484 3896 debilitate

427 3935 674 4008 commorantes,
711 3951 770 4016 pro
808 3928 986 3994 refectione
1021 3929 1171 3994 carnium
1209 3931 1485 3998 consuetudinem

429 4037 571 4102 fratrum
595 4034 630 4098 in
662 4032 884 4099 misericordia
917 4031 1087 4096 edentium
1120 4032 1157 4094 in
1188 4032 1341 4098 omnibus
1373 4055 1486 4120 prose-

429 4141 582 4225 quantur.
644 4133 797 4199 Monachi
829 4155 904 4200 cum
936 4132 1060 4197 minuti
1092 4132 1228 4210 fuerint,
1263 4155 1301 4200 eo
1339 4138 1486 4222 amplius

428 4240 532 4307 nichil
554 4240 595 4304 de
626 4237 707 4304 cibis
730 4237 962 4303 misericordiae
985 4235 1179 4322 percipiant,
1203 4241 1324 4321 praeter
1355 4239 1486 4305 dierum

429 4344 531 4409 trium
554 4340 717 4416 solatium,
732 4339 818 4405 sicut
839 4361 967 4426 semper
980 4339 1069 4404 inter
1093 4359 1147 4403 eos
1170 4339 1287 4404 extitit
1310 4341 1486 4409 usitatum.

355 4490 361 4506 .
431 4444 585 4512 Monaohi
607 4463 685 4508 vero
708 4441 766 4527 qui
782 4440 823 4506 de
839 4461 936 4508 cursu
958 4441 1081 4506 minuti
1104 4439 1240 4521 fuerint,
1264 4443 1359 4507 etin
1382 4445 1487 4512 refec-

430 4549 516 4615 torio
547 4545 756 4621 comederint,
789 4543 970 4610 secundum
1002 4544 1175 4628 antiquam
1207 4547 1486 4614 consuetudinem

431 4654 467 4717 in
489 4649 642 4716 omnibus
657 4645 848 4734 percipiant.
895 4645 941 4710 Et
955 4647 999 4711 ad
1021 4645 1284 4711 meliorationem
1311 4652 1486 4716 recreatio-

429 4754 491 4832 nis,
529 4758 564 4817 et
596 4752 703 4816 status
744 4749 884 4814 fratrum
927 4753 1115 4814 nostrorum
1160 4749 1417 4835 adimplendam,
1449 4754 1484 4818 et
