3526 5810
501 848 701 900 nrarsrnun
725 849 1051 900 uanuasaunrrusa.
1240 830 1306 900 257

603 1077 682 1144 Car.
707 1076 945 1144 CCCLXXVI.

498 1217 602 1284 Curta
629 1217 789 1284 Willelmi
807 1217 851 1282 de
875 1215 1046 1282 Oumville.

291 1361 406 1428 Sciant
437 1369 615 1450 praesentes
650 1370 684 1429 et
715 1364 821 1430 futuri
856 1363 944 1449 quod
967 1384 1028 1449 ego
1051 1361 1237 1427 Willelmus
1262 1361 1302 1425 de
1318 1367 1464 1420 sentosa

247 1461 408 1529 Oamville
440 1465 516 1530 dedi
539 1470 574 1530 et
604 1466 757 1542 eoneessi,
788 1470 823 1529 et
852 1464 915 1530 hae
936 1465 1093 1551 praesenti
1115 1468 1207 1529 carta
1228 1483 1303 1526 mea
1316 1449 1474 1551 ffiffit

245 1565 444 1644 confirmavi,
468 1567 635 1632 Gileberto
658 1568 699 1632 de
722 1567 898 1632 Finemora
920 1588 980 1652 pro
1003 1566 1156 1652 homagio
1179 1569 1215 1630 et
1237 1585 1303 1629 ser·
1316 1567 1448 1625 cusam»,

245 1667 331 1732 vicio
354 1689 422 1744 suo,
442 1669 647 1755 mesuagium
670 1676 704 1734 et
726 1668 864 1733 moltam
888 1673 923 1732 et
944 1674 1050 1733 totam
1065 1673 1187 1732 terram
1203 1688 1302 1766 qnam
1317 1633 1456 1750 ξήρ’

244 1768 447 1856 Reginaldus
472 1770 634 1836 Obelkere
658 1771 778 1848 tenuit,
801 1791 876 1835 eum
907 1771 1060 1835 omnibus
1092 1768 1304 1855 pertinentiis
1317 1780 1395 1816 more.

244 1872 636 1938 suis:undetresaerse
660 1873 797 1938 suntin
824 1894 939 1958 eampo
973 1871 1097 1938 boreali
1134 1872 1176 1936 de
1208 1870 1303 1936 Gale-

246 1979 358 2054 stone3
381 1996 521 2061 quarum
556 1997 623 2040 una
656 1996 733 2040 acra
765 1983 815 2040 est
846 1976 883 2039 in
905 1974 1129 2059 Gadsorlang,
1153 1974 1305 2060 proxima
1411 2039 1421 2056 ‚

246 2079 343 2140 terras
377 2075 546 2162 Radulphi
579 2074 663 2140 filii¹
697 2075 820 2140 Aldive
852 2097 895 2140 ex
917 2081 1011 2161 parte
1034 2075 1233 2152 occidentis;
1271 2081 1305 2140 et

248 2197 315 2241 una
337 2198 412 2243 aera
434 2179 538 2243 vertit·
570 2177 712 2242 divisam
744 2177 851 2264 eampi
884 2177 924 2242 de
949 2175 1123 2242 Calestone
1155 2182 1190 2242 et
1218 2177 1306 2263 jacet

245 2279 396 2363 proximo
419 2285 515 2344 terrae
539 2279 698 2345 Everardi
722 2279 843 2364 Smyth
872 2300 914 2343 ex
936 2285 1032 2365 parte
1048 2280 1249 2359 occidentis3
1272 2284 1307 2344 et

248 2400 316 2445 una
337 2401 413 2445 acra
435 2381 538 2447 vertit
560 2402 659 2466 super
692 2381 830 2446 eandem
862 2381 1012 2458 divisam,
1036 2386 1071 2446 et
1097 2381 1188 2466 jacet
1210 2403 1308 2466 prox-

249 2481 315 2546 imo
346 2487 444 2548 terrae
476 2481 620 2548 eeclesiae
651 2484 692 2548 de
716 2481 889 2548 Oalestane
921 2505 963 2548 ex
995 2489 1089 2568 parte
1121 2483 1308 2549 occidentis.

249 2581 294 2648 Et
317 2583 351 2647 in
374 2604 489 2668 eampo
512 2583 650 2649 australi
665 2583 706 2648 de
728 2582 901 2649 Galestone
917 2589 997 2649 sunt
1011 2590 1079 2649 tres
1101 2605 1206 2662 aarae3
1229 2605 1309 2670 qua-

250 2705 324 2747 rum
356 2705 423 2749 una
460 2690 511 2749 est
544 2685 580 2749 in
612 2685 813 2762 anmntta,
840 2686 992 2771 proxima
1014 2691 1110 2752 terrae
1140 2684 1309 2772 Radulphi

251 2788 291 2851 de
325 2788 507 2854 Wilintone
546 2811 587 2854 ex
625 2795 719 2876 parte
742 2789 920 2869 orientali3
952 2794 987 2854 et
1023 2812 1092 2855 una
1129 2797 1180 2855 est
1210 2812 1309 2876 super

250 2889 484 2976 Langhehulle‚
507 2913 582 2977 quse
605 2897 743 2957 vocatur
766 2891 887 2970 Golth3
910 2897 944 2956 et
960 2913 1028 2956 una
1049 2913 1125 2958 aera
1144 2898 1309 2976 estsuper

252 2991 457 3056 Forierduun
492 2993 643 3078 proxima
673 2998 770 3058 terrae
801 2992 970 3078 Radulphi
1004 2993 1045 3058 de
1080 2993 1236 3059 Wilinter
1269 3015 1311 3058 ex

252 3099 345 3182 parte
383 3095 530 3160 boreali:
571 3101 605 3160 et
644 3095 787 3172 Meland,
826 3117 901 3180 quae
934 3096 1025 3180 jaeet
1061 3096 1151 3160 intra
1187 3102 1310 3161 terram

253 3196 422 3282 Radulphi
445 3197 609 3274 Aldwine,
632 3205 667 3262 et
689 3203 811 3262 terram
834 3197 1002 3283 Radulphi
1028 3197 1090 3262 filii
1113 3198 1254 3278 Aldive;
1277 3204 1311 3263 et

253 3320 320 3362 una
355 3298 519 3384 particula
551 3305 647 3364 terrae
680 3300 772 3384 jacet
809 3321 851 3364 ex
889 3305 982 3385 perte
1025 3300 1162 3364 australi
1200 3301 1312 3367 crestae

254 3401 412 3466 Willelmi
447 3402 604 3467 Osmund.
652 3402 816 3468 Habenda
851 3408 886 3468 et
919 3403 1064 3468 tenenda
1095 3425 1170 3468 amn
1202 3404 1310 3468 omni-

254 3503 317 3567 bus
350 3503 570 3588 pertinentiis,
606 3503 670 3567 sibi
705 3511 739 3568 et
780 3503 956 3568 heredibus
993 3504 1069 3581 suis,
1108 3505 1148 3569 de
1187 3526 1239 3568 me
1276 3510 1312 3569 et

255 3606 297 3670 de
329 3605 505 3670 heredibus
537 3605 628 3682 meis,
651 3605 752 3671 libere
775 3610 810 3671 et
832 3606 953 3690 quiete,
977 3611 1011 3670 et
1033 3606 1069 3670 in
1091 3628 1178 3692 paee.
1227 3606 1313 3671 Red-

255 3708 364 3772 dendo
399 3707 476 3772 inde
512 3707 596 3770 mihi
630 3713 665 3772 et
698 3707 874 3772 heredibus
908 3709 989 3772 meis
1020 3729 1223 3793 perannum
1247 3715 1314 3774 tres

256 3808 376 3873 solidos
399 3807 642 3893 sterlingorum,
665 3809 798 3886 seilicet,
813 3807 857 3872 ad
878 3809 1177 3874 Annuneietionem
1201 3809 1313 3875 Beatee

256 3910 371 3974 Mariae
405 3915 479 3974 octo
513 3915 548 3974 et
579 3909 692 3975 decem
727 3910 888 3985 denarios,
911 3914 945 3974 et
978 3910 1021 3975 ed
1053 3909 1173 3976 festum
1200 3911 1315 3978 Sancti

258 4009 432 4076 Michaelis
456 4010 548 4074 xviii.
574 4011 733 4088 denarios
756 4033 816 4098 pro
847 4011 937 4076 omni
960 4012 1098 4078 servicio
1121 4019 1156 4078 et
1178 4014 1316 4080 seculari
1423 4063 1429 4074 .

257 4113 437 4178 exaetione.
494 4111 595 4178 Salvo
627 4113 765 4179 servicio
802 4112 927 4177 domini
958 4115 1044 4199 regis
1081 4121 1185 4180 tantae
1219 4127 1316 4180 terrae

258 4215 300 4279 de
324 4213 438 4279 eodem
462 4219 651 4279 tenemento
674 4214 871 4300 pertinente.
917 4213 961 4277 Et
991 4235 1051 4298 ego
1073 4213 1259 4280 Willelmus
1282 4221 1317 4280 et

258 4315 393 4381 heredes
431 4315 497 4380 mei
535 4315 827 4380 warantizabimus
872 4313 1029 4402 praedieto
1068 4314 1245 4394 Gilebert0,
1282 4323 1317 4382 et

258 4417 436 4482 heredibus
460 4418 537 4494 suia,
561 4423 665 4483 totam
689 4417 882 4503 praedictam
913 4421 1035 4482 terram
1057 4438 1133 4482 aum
1164 4418 1317 4483 omnibus

258 4519 469 4605 pertinentiis
484 4519 553 4583 suis
575 4541 635 4606 per
657 4519 853 4606 praedictum
876 4519 1051 4584 servicium
1067 4525 1183 4584 eontra
1205 4541 1317 4585 anines

1268 4667 1305 4680 a·

661 4757 669 4791 ¹
679 4757 745 4825 fia]
760 4758 837 4820 sirus,
848 4757 907 4810 ns.

350 4837 429 4889 nso.
1152 4857 1173 4906 R
