3566 5820
437 851 502 920 160
687 865 886 918 naorarnuu
908 864 1232 917 nmnnsemunnsn.

845 1115 924 1182 CAP.
949 1113 1076 1181 OOXO.

440 1269 562 1354 Quieto
585 1267 775 1336 clommotr'a
797 1267 978 1355 Rodelpht
999 1264 1078 1356 fila·
1108 1267 1271 1354 Hupowie
1293 1267 1333 1335 de
1358 1268 1487 1336 Heud-

703 1371 886 1450 looiotooe,
910 1371 950 1436 dc
972 1369 1089 1437 eodem
1110 1369 1243 1438 brucca

483 1511 598 1578 Sciant
635 1516 812 1598 praesentes
851 1516 885 1576 et
918 1511 1034 1589 futuri,
1072 1512 1159 1596 quod
1194 1533 1254 1598 ego
1292 1509 1487 1599 Radulphus

268 1609 345 1644 ⁸³¹³*
437 1614 525 1678 filius
556 1613 709 1700 Hugonis
740 1615 780 1678 de
815 1612 1091 1679 Hundlavintone
1125 1613 1236 1679 remisi
1271 1619 1305 1678 ct
1339 1616 1488 1699 quietum

437 1716 587 1794 clamavi,
610 1737 671 1802 pro
693 1738 755 1794 me,
777 1721 812 1781 et
841 1715 1098 1801 proheredibus
1129 1720 1163 1781 et
1194 1715 1382 1802 assignatis·
1399 1717 1488 1794 meis,

437 1823 472 1885 et
494 1820 594 1884 etiam
626 1840 686 1904 pro
715 1817 868 1882 omnibus
898 1817 1087 1883 hominibus
1118 1817 1207 1895 meis,
1238 1818 1489 1905 imperpetuum,

438 1920 579 1986 dominia
601 1917 682 1986 meis
706 1919 869 1985 Willelmo
891 1919 1006 1984 abbati
1029 1919 1069 1984 de
1093 1917 1334 1998 Malmesburia,
1357 1923 1392 1985 et
1406 1919 1491 2006 ejus-

438 2025 512 2090 dem
534 2023 597 2089 loci
621 2021 807 2100 conventui,
831 2027 865 2086 ot
895 2043 1007 2087 eorum
1038 2021 1283 2101 suecessoribus,
1306 2027 1415 2088 totum
1434 2023 1490 2107 jue

437 2132 471 2191 et
494 2125 648 2192 clamium
671 2130 706 2190 et
736 2128 841 2192 totam
871 2145 1087 2204 communem,
1110 2147 1209 2212 quam
1239 2125 1415 2192 habuimus
1436 2125 1492 2190 vel

437 2227 557 2294 habere
579 2227 748 2314 potuimus
771 2229 808 2292 in
830 2228 972 2313 quadam
995 2225 1103 2314 plania
1121 2249 1247 2315 magnae
1269 2228 1396 2294 bruerae
1418 2250 1491 2292 ver-

439 2353 493 2396 sus
526 2329 726 2417 Corsgrave3
760 2353 833 2417 quae
867 2327 1001 2416 quidem
1032 2327 1139 2416 placie
1168 2327 1257 2416 jacet
1287 2331 1375 2396 inter
1409 2329 1490 2397 duas

438 2431 591 2512 culturae,
631 2456 705 2520 quae
737 2439 900 2500 vocantur
931 2431 967 2499 lo
1000 2429 1179 2522 Kokeeltchc
1212 2439 1248 2499 et
1278 2430 1463 2524 Aleieeiepc
1475 2459 1486 2516 ;

438 2537 594 2604 videlicet
616 2537 659 2602 ab
689 2533 885 2602 occidentali
915 2535 1036 2623 angulo
1060 2535 1101 2600 de
1127 2533 1163 2602 le
1185 2533 1366 2625 Kokeadete
1387 2559 1490 2623 usque

438 2639 480 2706 ad
504 2639 738 2706 occidentalem
768 2639 928 2727 angulum
958 2639 999 2704 de
1026 2635 1217 2728 Alcimdepe,
1243 2661 1302 2726 per
1325 2639 1491 2726 quandam

439 2743 579 2810 viridem
601 2743 700 2821 viam,
723 2763 827 2828 usque
849 2741 892 2806 ad
923 2741 1087 2827 quendam
1110 2739 1265 2820 rivulum,
1297 2745 1331 2807 et
1365 2741 1412 2808 sic
1434 2764 1491 2829 per

439 2846 528 2910 viam
551 2844 643 2910 illam
667 2849 701 2909 et
723 2865 782 2930 per
804 2843 950 2908 rivulum
978 2843 1081 2930 us'que
1096 2843 1147 2914 ,ad
1170 2843 1365 2930 praedictum
1387 2865 1491 2931 angu-

438 2949 508 3014 lum
541 2945 581 3014 de
606 2945 817 3034 Maiestate:
851 2946 975 3013 scilicet
1007 2945 1044 3010 in
1078 2950 1150 3012 tota
1180 2945 1239 3011 illa
1271 2945 1385 3033 placia,
1418 2969 1491 3033 quae

435 3053 525 3138 jacet
547 3051 583 3115 in
598 3048 750 3117 orientali
772 3055 866 3136 parte
888 3049 1056 3137 praedictae
1071 3049 1136 3114 viae
1159 3055 1193 3114 et
1215 3049 1366 3134 praedicti
1381 3050 1491 3132 rivuli,

439 3156 526 3220 inter
549 3151 722 3240 praedictae
752 3151 919 3219 culturas:
956 3149 1143 3218 hahendam
1174 3155 1208 3216 et
1234 3153 1411 3218 tenendam
1441 3159 1489 3218 to-

439 3261 510 3322 tam
547 3255 739 3340 praedictam
777 3253 917 3338 placiam
955 3251 1122 3338 praedictae
1160 3252 1287 3338 bruerae
1324 3254 1491 3340 praedictis

439 3357 553 3423 abbati
576 3362 611 3421 et
632 3355 811 3422 conventui
834 3360 867 3421 et
890 3376 1002 3419 eorum
1029 3353 1274 3432 successoribus,
1297 3354 1435 3422 liberem
1458 3361 1492 3422 ct

440 3460 608 3547 quietam3
632 3464 666 3524 et
681 3480 754 3524 eam
769 3445 890 3522 iosaato
905 3457 1169 3543 circumquaque,
1191 3457 1220 3522 si
1243 3457 1418 3538 voluerint,
1441 3461 1490 3523 in-

440 3562 584 3638 cludant,
608 3561 678 3625 sine
710 3557 823 3645 aliqua
853 3559 1122 3637 contradictione,
1145 3559 1322 3626 vexatione
1355 3561 1409 3626 vel
1442 3584 1491 3627 re·

440 3663 635 3730 clamatione
658 3663 731 3741 mei,
748 3661 802 3727 vel
824 3661 982 3727 heredum
1006 3685 1062 3726 seu
1079 3663 1320 3749 assignatorum
1335 3687 1490 3742 meorum,

440 3765 492 3832 vel
516 3765 616 3831 etiam
639 3763 811 3830 hominum
833 3786 989 3842 meorum,
1016 3764 1268 3851 imperpetuum.
1327 3767 1381 3832 Ita
1404 3767 1491 3853 quod

439 3891 500 3936 nec
522 3890 581 3954 ego
604 3889 665 3934 nec
680 3867 800 3954 aliquis
822 3865 981 3932 heredum
996 3868 1050 3932 vel
1073 3869 1314 3954 assignatorum
1336 3891 1491 3950 meorum,

440 3995 497 4038 ceu
520 3973 620 4038 etiam
643 3967 815 4038 hominum
839 3993 994 4048 meorum,
1024 3971 1152 4058 aliquid
1179 3969 1265 4057 juris
1296 3972 1351 4039 vel
1373 3975 1492 4054 clamii‚

439 4077 512 4141 sive
535 4075 680 4162 aliquam
702 4095 919 4151 communem,
943 4073 1110 4139 occaaione
1140 4079 1237 4140 terrae
1267 4076 1321 4141 vel
1353 4077 1491 4142 dominii

439 4179 479 4244 de
502 4177 684 4256 Bradeleld,
716 4200 772 4243 seu
796 4179 896 4244 etiam
919 4177 1032 4263 aliqua
1054 4177 1121 4242 alia
1151 4177 1326 4260 occasione,
1350 4179 1385 4243 in
1409 4202 1492 4266 pue·

439 4281 528 4346 dicta
550 4281 657 4365 placia
678 4277 845 4366 praedictae
868 4279 996 4346 bruerae
1019 4279 1114 4344 nobis
1130 4279 1305 4346 vendicare
1320 4281 1491 4366 possimne,

438 4383 688 4468 imperpetuum.

483 4481 530 4548 Et
551 4484 588 4546 in
610 4482 837 4547 testimonium
868 4482 968 4568 hujus
998 4481 1200 4548 remissionis
1225 4488 1259 4549 et
1282 4481 1404 4571 quietae
1426 4485 1491 4554 cla·

439 4586 584 4664 mantiae,
606 4585 668 4651 hoe
691 4586 849 4670 scriptum
876 4585 999 4650 eisdem
1025 4586 1138 4651 abbati
1162 4590 1197 4652 et
1219 4589 1398 4654 conventui
1421 4589 1490 4668 feei,

440 4693 474 4754 et
496 4687 603 4775 sigillo
626 4709 698 4754 meo
721 4687 859 4774 signavi.
951 4697 952 4700 ’
