3566 5820
447 887 511 952 154
699 906 896 958 arorsraun
920 907 1242 958 nmumnunrarsa

446 1105 615 1171 Aldhelmi
655 1107 695 1172 de
744 1109 988 1186 Malmesburia,
1026 1117 1060 1176 et
1097 1109 1265 1176 Willelmo
1313 1111 1428 1176 abbati
1466 1114 1500 1174 et

445 1210 614 1275 monachis
630 1210 754 1276 ibidem
770 1213 842 1279 Deo
858 1214 1089 1291 servientibus,
1113 1217 1280 1300 quandam
1304 1215 1500 1301 particulam

445 1310 536 1376 illius
558 1300 685 1378 brueria
714 1319 844 1392 nostrae,
868 1339 943 1402 quae
959 1317 1279 1382 Portmanneshethe
1294 1317 1500 1404 appellatur;

445 1415 536 1480 illam
560 1415 717 1483 videlicet
739 1425 866 1504 partem
891 1442 965 1504 quae
995 1419 1088 1505 jacet
1122 1421 1210 1484 inter
1245 1421 1320 1486 illae
1354 1421 1500 1486 culturae

445 1539 519 1601 quae
554 1524 717 1585 vocantur
751 1521 787 1585 lu
811 1521 991 1609 Kolcalaebc
1026 1528 1061 1586 et
1095 1520 1287 1607 Aleiceltebe,
1314 1544 1373 1608 per
1397 1543 1498 1607 quan·
1624 1565 1629 1574 ·

445 1619 520 1683 darn
545 1620 684 1685 viridem
710 1623 872 1700 semitam,
898 1645 973 1708 quac
996 1647 1030 1688 aa
1056 1623 1208 1688 extendit
1229 1623 1273 1689 ab
1305 1623 1500 1689 occidentali

443 1720 565 1806 angulo
589 1721 629 1786 dc
660 1722 696 1787 lo
727 1721 915 1812 Koloealrcbe,
937 1747 1040 1808 usque
1071 1725 1113 1788 ad
1147 1724 1311 1810 quendam
1336 1725 1501 1802 rivulum;

444 1826 478 1886 et
500 1823 547 1888 sic
563 1847 620 1910 per
635 1825 779 1890 rivulum
804 1825 897 1890 illum
916 1849 1018 1912 usque
1033 1827 1075 1891 ad
1092 1826 1326 1892 occidentalem
1340 1825 1499 1912 angulum

443 1923 484 1988 de
507 1925 715 2014 Alayealaepe3
748 1926 874 1992 seilicet
907 1934 1013 1994 totam
1035 1935 1164 2014 partem
1189 1927 1281 1994 illam
1305 1951 1380 2014 quae
1408 1926 1500 2013 jacet

443 2027 478 2090 in
509 2027 661 2093 orientali
686 2035 780 2114 parte
812 2030 979 2116 praedictae
1002 2031 1129 2096 aernitae
1153 2037 1187 2094 et
1209 2029 1361 2116 praedicti
1393 2028 1498 2093 rivuli

443 2128 530 2192 inter
567 2130 743 2214 praedictae
777 2130 924 2196 culturas
948 2132 988 2196 de
1013 2131 1202 2218 Alayealaebe
1225 2137 1259 2196 et
1282 2132 1323 2196 de
1357 2132 1394 2195 la
1427 2131 1499 2196 Ko-

442 2227 574 2317 lcealwbe,
607 2252 711 2316 usque
741 2233 783 2297 ad
814 2234 981 2318 quoddam
1014 2234 1175 2298 fossatum
1198 2233 1286 2297 inter
1317 2233 1494 2318 praedictas

441 2331 596 2408 culturas,
628 2335 664 2397 in
687 2334 841 2399 orientali
864 2341 968 2421 parte,
994 2357 1052 2421 per
1082 2335 1257 2420 praedictos
1281 2334 1435 2399 abbatem
1460 2341 1495 2398 et

442 2439 641 2500 conventum
665 2443 896 2502 extransverso
917 2445 1085 2503 erectum:
1111 2437 1296 2502 habendam
1324 2442 1358 2500 et
1381 2441 1497 2500 tenen-

443 2537 519 2603 dam
554 2544 659 2604 totam
682 2541 872 2625 praedictam
896 2547 1022 2627 partem
1057 2540 1221 2628 praedictae
1255 2541 1382 2604 bruerae
1410 2539 1499 2604 inter

442 2640 616 2726 praedictae
639 2642 784 2706 culturas
807 2649 842 2707 et
864 2642 990 2708 fossata
1012 2643 1179 2728 praedicta,
1194 2642 1360 2728 praedietis
1383 2641 1498 2706 abbati

442 2748 477 2806 et
499 2744 677 2808 conventui
700 2749 734 2808 et
757 2765 868 2809 eorum
891 2745 1137 2822 successoribus,
1154 2749 1188 2808 et
1210 2743 1352 2810 ecclesiae
1376 2763 1497 2822 eorum,

442 2843 587 2922 liberam,
621 2847 830 2926 salutemet
862 2849 906 2913 ab
938 2849 1027 2913 omni
1059 2849 1230 2914 exactione
1265 2853 1300 2912 et
1333 2847 1497 2912 demanda

443 2951 599 3034 quietam,
623 2951 887 3038 imperpetuum
918 2952 967 3016 ita
998 2950 1087 3035 quod
1110 2972 1170 3016 neo
1202 2972 1263 3015 nos
1285 2972 1346 3016 nee
1376 2947 1497 3036 aliquia

442 3053 483 3116 de
517 3053 754 3118 communitate
776 3060 891 3117 nostra
912 3053 1099 3130 intrinseca,
1123 3075 1183 3118 nec
1216 3053 1337 3140 aliquia
1372 3073 1496 3118 succes-

441 3175 551 3220 sorum
584 3153 638 3218 vel
676 3153 832 3220 heredum
871 3160 1066 3232 nostrorum,
1099 3156 1245 3241 aliquam
1280 3175 1495 3230 communem,

442 3257 628 3322 libertatem
652 3257 706 3322 vel
725 3257 997 3342 jurisdictionem,
1020 3281 1078 3323 seu
1101 3259 1236 3344 aliquod
1263 3259 1319 3343 jus
1342 3259 1378 3322 in
1411 3279 1496 3344 prae·

442 3353 532 3424 dicta
553 3364 646 3444 parte
669 3359 835 3443 praedictae
859 3359 985 3424 bruerae
1007 3359 1103 3424 nobie
1126 3361 1300 3425 vendicare
1333 3360 1494 3444 possimua

441 3461 692 3546 imperpetuum,
727 3462 791 3526 nisi
827 3461 1009 3548 ingressum
1043 3463 1085 3527 ad
1118 3462 1336 3547 reparandum
1374 3461 1496 3526 foaaata

441 3567 561 3638 nostra,
585 3584 660 3627 cum
683 3585 813 3629 neeesse
845 3564 965 3642 luerit;
988 3565 1045 3630 sed
1068 3563 1167 3630 liceat
1190 3564 1357 3650 praedietis
1380 3564 1494 3628 abbati

441 3669 475 3728 et
498 3665 675 3730 conventui
698 3670 733 3730 et
755 3687 867 3731 eorum
889 3666 1128 3732 successoribus
1151 3666 1343 3752 praedictam
1366 3669 1495 3752 partem

441 3767 606 3852 praedictae
639 3767 773 3844 bruerre,
809 3767 896 3832 inter
927 3769 1050 3834 fossata
1082 3768 1242 3855 praedicta
1273 3773 1308 3832 et
1350 3767 1495 3832 culturas

442 3871 625 3956 praedictae,
658 3871 686 3935 si
725 3869 899 3949 voluerint,
932 3871 1087 3948 excolere,
1118 3871 1171 3936 vel
1206 3872 1246 3936 de
1280 3871 1394 3937 eadem
1428 3871 1495 3935 alio

442 3975 548 4051 modo,
579 3978 678 4060 prout
708 3973 882 4050 voluerint,
917 3973 1079 4051 ordinare,
1112 3973 1292 4040 secundum
1330 3974 1419 4060 quod
1451 3974 1495 4038 ad

440 4077 649 4143 commodum
672 4097 783 4141 eorum
806 4075 924 4140 melius
939 4075 1088 4140 viderint
1110 4073 1274 4160 expedire,
1289 4075 1363 4152 sine,
1382 4074 1496 4159 aliqua

442 4179 709 4254 contradictione,
732 4176 908 4242 vexatione
943 4177 997 4241 vel
1028 4175 1260 4243 reclamatione
1292 4183 1416 4253 nostra,
1439 4177 1493 4241 vel

442 4280 687 4347 communitatis
718 4285 839 4345 nostrae
873 4279 1068 4355 intrinsecae,
1100 4279 1153 4343 vel
1188 4297 1418 4356 successorum,
1441 4278 1494 4342 vel

443 4385 683 4470 assignatorum
721 4381 775 4446 vel
805 4381 961 4446 heredum
1000 4385 1187 4446 nostrorum
1225 4381 1493 4468 imperpetuum:

445 4486 505 4550 hoc
529 4488 675 4569 excepto,
707 4483 792 4568 quod
817 4505 884 4549 non
920 4482 1034 4547 licebit
1065 4483 1186 4548 eisdem
1221 4482 1417 4560 berkeriam
1441 4483 1494 4548 vel

444 4586 619 4663 boveriam,
643 4585 696 4650 vel
719 4585 853 4671 aliquod
876 4584 968 4650 aliud
991 4585 1166 4651 aedilicium
1190 4585 1315 4650 ibidem
1338 4585 1471 4671 erigere.

487 4689 579 4757 Dicti
603 4711 679 4753 vero
702 4689 803 4755 abbas
826 4695 861 4752 et
883 4692 1066 4754 conventus
1099 4693 1133 4753 et
1156 4711 1267 4754 eorum
1295 4710 1492 4756 successores

442 4795 485 4860 ab
530 4791 725 4860 occidentali
767 4789 888 4877 angulo
931 4791 971 4856 de
1010 4791 1046 4856 lu
1081 4790 1260 4878 Kolccelreper
1295 4813 1398 4878 usque
1449 4791 1492 4857 ad
