3524 5808
673 907 852 956 munaum
876 907 897 954 1.
1245 889 1310 956 365

308 1165 357 1232 De
380 1165 537 1254 curtificiis
559 1163 660 1253 fectis
682 1163 783 1251 infru
806 1163 1001 1231 abbathiam
1024 1172 1054 1231 ct
1077 1171 1171 1232 estro
1190 1173 1267 1250 per·

624 1268 758 1335 diverso
780 1267 951 1334 monerio.

300 1420 409 1487 Juxta
441 1419 618 1508 gardinum
650 1420 781 1486 abbatis
818 1419 898 1486 fecit
935 1420 1046 1487 aulam
1085 1441 1239 1507 magna-m
1277 1425 1444 1502 etBuiming

257 1526 440 1601 honestam,
464 1529 499 1588 et
521 1521 621 1589 aliam
653 1523 764 1588 aulam
789 1524 949 1588 minorem
974 1525 1017 1589 ad
1039 1524 1198 1610 gabulum
1225 1523 1310 1609 ejus·
1323 1506 1435 1624 {¹122be

259 1629 334 1694 dem
358 1627 453 1704 aulae,
476 1629 571 1712 petra
597 1629 793 1711 coopertam.
840 1627 884 1690 Et
907 1626 947 1690 de
983 1625 1079 1691 domo
1111 1647 1186 1711 quae
1220 1626 1312 1712 prius

258 1729 336 1795 aula
363 1727 439 1804 fuir,
463 1747 626 1793 cameram
659 1727 805 1792 ordinari
837 1727 924 1792 fecit.
970 1727 1014 1793 Et
1040 1728 1144 1813 juxta
1175 1729 1313 1793 eandem

258 1832 368 1898 aulam
392 1830 463 1895 fieri
487 1829 567 1894 fecit
588 1849 693 1894 unam
717 1830 901 1915 coquinam.
948 1829 993 1894 Et
1024 1830 1204 1895 lardarium
1236 1831 1316 1897 fecit

258 1933 410 2000 renovari
433 1932 546 2009 muris,
561 1937 596 1996 et
619 1932 722 2018 tignis
745 1931 963 2018 augmentari,
979 1937 1014 1997 et
1035 1937 1130 2020 petra
1148 1933 1316 2019 cooperiri.

260 2038 304 2102 Et
336 2057 411 2102 cum
435 2035 532 2120 idern
568 2033 671 2099 abbas
708 2039 959 2121 comparaverat
990 2035 1031 2099 de
1064 2035 1242 2122 Radulpho
1276 2037 1317 2101 de

259 2141 360 2206 Porta
381 2142 417 2204 et
439 2138 480 2202 de
504 2157 609 2202 uxore
639 2137 807 2222 quondam
830 2135 1011 2202 Thurateni
1044 2137 1074 2202 le
1097 2138 1228 2216 Bresur,
1251 2161 1318 2204 me-

261 2241 377 2327 suagia
399 2261 512 2304 eorum
536 2259 613 2304 cum
644 2237 839 2325 curtillagiis
858 2239 960 2324 juxta
982 2240 1159 2326 gardinum
1189 2240 1320 2306 abbatis

257 2344 455 2432 jacentibus,
488 2343 578 2408 idem
604 2342 707 2408 abbas
739 2343 776 2406 in
805 2343 879 2429 ipsa
905 2342 1019 2428 placea
1041 2344 1121 2409 fecit
1153 2344 1320 2428 quandam

262 2453 394 2518 vincern
428 2448 584 2536 plantari,
607 2454 642 2513 et
668 2468 741 2513 eam
776 2449 1030 2536 circumquaque
1064 2471 1158 2516 muro
1191 2450 1321 2536 lapideo

263 2553 397 2621 includi.
444 2551 538 2617 Fecit
559 2550 660 2617 etiam
678 2551 783 2637 juxta
805 2551 944 2617 eandem
962 2552 1095 2618 vineam
1119 2574 1224 2616 unum
1246 2552 1321 2617 her-

262 2657 392 2722 barium
423 2675 538 2719 versus
560 2673 692 2718 murum
715 2653 852 2739 regium.
892 2653 986 2720 Fecit
1001 2655 1102 2720 etiam
1126 2655 1162 2719 in
1184 2654 1322 2742 gardino

263 2759 394 2826 abbatis
445 2755 560 2822 vineas
598 2761 632 2822 et
670 2755 816 2842 pomeria
862 2757 985 2842 ubique
1022 2756 1175 2843 plantari.
1230 2757 1323 2823 Fecit

266 2862 367 2927 etiam
390 2860 432 2926 de
455 2863 599 2926 mercata
625 2859 791 2944 quandam
826 2858 971 2944 placeam
1007 2860 1081 2946 capi
1113 2861 1155 2926 ad
1187 2881 1321 2946 carpen-

265 2964 373 3042 triam,
397 2981 497 3048 quarn
520 2961 775 3048 circumquaque
802 2983 897 3028 muro
930 2962 1063 3049 lapideo
1085 2962 1165 3030 fecit
1187 2963 1321 3029 includi.

265 3066 422 3152 Fecitque
441 3065 543 3151 juxta
558 3065 696 3131 eandem
712 3066 933 3151 carpentriam
957 3065 1039 3131 duas
1062 3065 1185 3133 domos.
1230 3065 1324 3132 Fecit

267 3169 369 3235 etiam
408 3166 626 3234 infirmariam
660 3167 765 3254 tignis
800 3173 835 3233 et
868 3167 970 3235 furcis
1004 3172 1039 3233 et
1076 3167 1322 3254 aliquantulum

267 3291 362 3337 muro
379 3271 538 3337 renovari
561 3275 596 3336 et
617 3275 713 3357 petra
736 3269 904 3356 cooperiri.
951 3268 1070 3336 Postea
1096 3271 1324 3337 dormitorium

266 3393 370 3460 usque
392 3373 435 3440 ad
458 3395 569 3438 muros
592 3371 674 3438 fecit
695 3373 870 3459 prosterni,
885 3377 920 3438 et
942 3394 1040 3458 super
1062 3373 1192 3438 eosdem
1215 3394 1326 3439 muros

268 3479 304 3541 in
343 3482 485 3561 utraque
523 3480 618 3561 purte
651 3473 811 3561 quasdam
849 3475 959 3540 eiuras
991 3475 1071 3542 fecit
1104 3477 1258 3554 construi,
1291 3480 1326 3542 et

269 3599 357 3644 novo
379 3577 548 3644 maeremio
577 3595 652 3642 cum
676 3576 779 3663 tignis
810 3581 889 3643 ante
912 3577 1133 3643 existentibus
1164 3580 1323 3657 renovari,

270 3686 422 3767 cipetra
452 3678 620 3766 cooperiri.
667 3678 762 3745 Fecit
795 3679 896 3745 etiam
928 3679 1111 3766 capitulum
1146 3702 1249 3766 usque
1281 3683 1323 3748 ad
1336 3707 1389 3758 Μ,

269 3803 379 3849 muros
417 3781 590 3868 prosterni,
621 3786 655 3846 et
687 3781 808 3847 iterum
847 3803 934 3848 novo
972 3783 1138 3849 moeremio
1179 3805 1222 3849 cx
1253 3789 1324 3851 toto

270 3886 351 3972 erigi
375 3891 409 3950 et
439 3890 535 3970 petra
556 3884 723 3972 cooperiri,
748 3889 782 3950 et
812 3883 923 3951 alurus
945 3885 981 3949 in
1004 3885 1145 3952 circuitu
1179 3887 1325 3973 capituli.

271 3987 389 4053 Postea
423 3986 460 4050 in
498 3985 576 4051 aula
608 3984 778 4071 hospitum
821 3989 889 4051 tres
926 3987 998 4052 fieri
1037 3987 1116 4055 fecit
1157 3988 1327 4057 fenestras.

272 4089 390 4155 Postea
412 4109 517 4153 unum
549 4089 740 4174 gerneriunr
763 4089 835 4154 fieri
858 4088 939 4156 fecit
957 4090 1062 4176 juxta
1081 4091 1271 4177 pistrinum,
1295 4098 1330 4158 et

273 4193 407 4258 domum
431 4211 507 4277 quae
537 4190 718 4276 aliquando
741 4191 929 4277 gomarium
961 4192 1035 4270 fuit,
1060 4192 1192 4260 addidit
1214 4196 1256 4261 ad
1278 4217 1330 4261 ce·

272 4294 400 4360 larium.
447 4291 552 4358 Vetus
575 4293 678 4358 etiam
712 4294 883 4360 bracinum
908 4315 1011 4380 usque
1034 4297 1077 4360 ad
1100 4301 1221 4362 terram
1251 4296 1330 4363 fecit

275 4395 449 4482 prosterni,
472 4400 507 4460 et
530 4393 615 4458 illud
637 4393 734 4460 novis
760 4395 865 4460 muris
889 4401 924 4461 et
954 4416 1042 4462 novo
1065 4399 1232 4464 maeremio
1255 4420 1329 4464 con-

274 4499 358 4563 strui
396 4497 476 4563 fecit
507 4501 542 4562 et
575 4495 724 4563 relevari.
782 4496 823 4561 In
859 4498 1058 4564 occidentali
1092 4503 1204 4564 autem
1237 4506 1331 4585 parte

273 4599 420 4686 ejusdem
452 4597 588 4675 brucini,
612 4598 693 4664 iecit
725 4619 827 4664 unam
862 4598 997 4664 domum
1020 4600 1064 4666 ad
1087 4621 1188 4687 equos
1222 4601 1330 4689 longa

274 4707 413 4768 carectae
445 4701 658 4787 reponendos.
705 4699 878 4767 Fabrioam
910 4702 1011 4768 etiam
1043 4723 1164 4768 novam
1197 4703 1276 4769 fecit
1298 4710 1333 4770 et

274 4803 413 4871 eandem
438 4809 534 4891 petra
562 4802 642 4871 fecit
665 4804 834 4890 cooperiri.
878 4805 911 4869 A
944 4825 1071 4872 carcere
1093 4806 1195 4872 etiam
1227 4829 1332 4894 usque
