3570 5804
775 953 936 1011 enarrer
1285 937 1384 1011 lxxxi

454 1161 475 1214 f.
496 1159 550 1214 224
571 1159 599 1214 b.
627 1157 716 1215 Carta
740 1157 883 1214 Johannis
911 1158 946 1214 de
979 1157 1214 1229 Sevenhampton
1243 1158 1386 1229 capellani

489 1243 567 1298 facta
583 1243 703 1298 Thomas
721 1241 863 1312 Howsssde
881 1241 1033 1297 Malmesb.
1052 1249 1082 1298 et
1098 1242 1203 1296 aricia
1222 1241 1305 1296 uxori
1324 1259 1385 1297 suae

489 1325 525 1382 de
555 1327 733 1382 Holeeombe
764 1326 928 1397 appellatae,
958 1326 994 1381 de
1028 1342 1086 1382 uno
1117 1329 1283 1381 tenemento
1317 1343 1385 1380 cum

490 1409 657 1481 cartillagio
677 1409 873 1482 adjacentem
890 1408 1118 1484 Magna'Strata
1129 1408 1216 1478 burgi
1234 1409 1386 1464 Malmesb.

489 1492 566 1548 inter
594 1499 795 1549 tenementum
813 1493 969 1563 Margeriae
989 1491 1156 1548 Guldeford
1180 1499 1210 1547 et
1235 1498 1382 1548 tenemen-

489 1582 554 1630 tum
572 1575 710 1630 Cristinca
738 1575 870 1645 Selkyld,
890 1582 920 1631 et
946 1576 1074 1630 reddunt
1092 1574 1211 1630 servitio
1231 1577 1263 1630 B.
1283 1576 1385 1630 Marias

490 1657 521 1714 S.
539 1659 624 1714 Pauli
641 1659 692 1715 xii.
710 1659 747 1723 ct,
767 1659 935 1730 coquinario
953 1658 1005 1714 vii.
1027 1659 1054 1714 d.
1069 1659 1118 1714 ob.
1167 1660 1201 1714 14
1220 1659 1300 1714 Edu.
1325 1660 1384 1714 III.

488 1743 646 1814 (Margine-t
668 1739 879 1814 octe.)-[Ist]a
897 1749 978 1799 carta
996 1739 1099 1813 [niJhil
1125 1743 1243 1812 prodest
1267 1740 1384 1814 ca]pelt'

490 1824 585 1894 quia.
624 1826 684 1880 .ls.

366 1923 435 1994 Cap.
455 1921 640 1979 OOXXIHI.
673 1921 762 1978 Carta
788 1921 906 1978 Felieiae
927 1922 1020 1994 Wbys
1045 1923 1081 1978 de
1106 1923 1301 1980 Oirencestria
1324 1923 1386 1979 fitia

488 2006 634 2076 quondam
653 2007 740 2061 Luem
759 2007 786 2061 le
804 2007 958 2062 Paulmere
978 2007 1013 2062 de
1032 2006 1221 2061 Malmesbur.
1240 2007 1384 2062 14044110-

488 2089 566 2144 ticias
602 2088 671 2143 filiae
706 2105 779 2144 mese
820 2088 851 2144 in
888 2089 981 2144 libero
1008 2087 1164 2159 maritagio
1200 2088 1235 2144 de
1271 2090 1384 2145 duobus

488 2172 663 2228 tenementis
681 2172 713 2227 in
739 2171 804 2228 vico
823 2173 903 2228 dicto
930 2174 957 2228 le
976 2174 1148 2229 Brodestret
1167 2174 1197 2228 in
1216 2179 1299 2245 parte
1326 2173 1383 2228 ori·

488 2255 578 2310 catali
596 2254 654 2310 sita
672 2253 703 2310 in
722 2256 862 2327 Bynport.

453 2349 597 2406 COXXV.
628 2349 781 2418 Quoddam
807 2349 949 2421 placitum
980 2351 1058 2422 apud
1088 2349 1383 2406 westmonasterium

488 2451 540 2504 pro
557 2439 726 2489 tenemento
752 2433 930 2506 supradicto,
955 2433 1033 2489 inter
1052 2434 1231 2490 Gunnildam
1249 2434 1383 2489 relictam

487 2516 610 2572 Walteri
636 2517 728 2582 Mocs,
758 2521 939 2587 querentem,
968 2522 998 2572 ct
1025 2515 1192 2572 Galfridum
1220 2518 1256 2572 de
1276 2516 1382 2588 Gippe·

487 2598 559 2655 wico
577 2605 608 2654 et
625 2598 752 2654 Aiieism
771 2615 891 2654 uxorem
910 2598 973 2669 ejus
992 2599 1209 2656 deforciatores.
1248 2600 1283 2656 18
1301 2600 1382 2656 Edu.

488 2681 530 2738 II.

454 2776 615 2833 CCXXVI.
636 2777 724 2834 Carta
743 2776 886 2833 Johannis
905 2778 983 2848 Page
1002 2784 1032 2834 et
1050 2778 1171 2834 Letieiae
1195 2779 1294 2834 uxoris
1322 2797 1382 2835 suar

488 2861 565 2916 facta
582 2860 712 2916 Waltero
738 2861 820 2916 Moes
848 2863 883 2916 de'
911 2861 1142 2933 Lodegareshale
1170 2862 1326 2918 mercatori
1354 2869 1384 2918 et

488 2943 641 2998 Gonuildae
668 2943 752 2998 uxori
780 2961 850 3011 sure,
871 2945 908 2999 de
934 2963 993 2999 uno
1020 2950 1188 2999 tenemento
1216 2945 1325 2999 situato
1352 2945 1384 2999 in

488 3026 596 3094 Magna
624 3025 723 3082 Strata
750 3026 836 3096 burgi
871 3027 950 3082 villar
975 3027 1108 3082 Malmes.
1140 3027 1191 3081 ubi
1217 3027 1383 3084 Wiilelmus

488 3109 659 3182 Wodeward
676 3114 777 3180 postea
795 3109 979 3166 inhabitavit.

374 3263 375 3266 Ἰ
433 3181 632 3246 UOXXVII.
665 3191 754 3246 Carta
783 3192 906 3262 Hemici
936 3193 964 3246 le
995 3192 1077 3246 Moes
1107 3192 1186 3247 faeta
1215 3191 1382 3247 Petronillua

487 3273 570 3328 uxori
588 3274 734 3345 quondam
754 3273 875 3329 Roberti
892 3275 922 3328 la
945 3275 1048 3330 Warre
1066 3275 1103 3329 de
1130 3293 1188 3330 uno
1216 3281 1382 3332 tenemento

489 3356 597 3413 situata
618 3356 649 3412 in
668 3357 777 3426 Magna
797 3358 896 3412 Strata
913 3357 1000 3429 burgi
1028 3357 1107 3413 villa
1126 3358 1277 3422 Matrnosb.
1297 3367 1327 3414 et
1346 3361 1381 3415 de

488 3458 546 3494 nuo
564 3439 679 3510 cotagio
697 3458 765 3494 cum
784 3439 950 3510 cartillagio
968 3439 1119 3512 adjacente
1132 3442 1241 3497 situata
1259 3441 1291 3496 in
1308 3460 1381 3512 proe-

489 3523 567 3578 dr'cto
586 3522 678 3593 burgo
703 3529 803 3578 stratae
832 3523 995 3590 antedictae,
1016 3530 1046 3580 et
1073 3525 1109 3580 de
1128 3523 1165 3580 ix.
1193 3525 1269 3580 acris
1296 3531 1382 3580 terrm

489 3604 606 3660 arabilis
625 3612 655 3662 et
673 3605 796 3662 dimidia
818 3605 984 3676 jacentibus
1003 3605 1035 3662 in
1062 3608 1171 3679 eampis
1190 3609 1225 3663 de
1253 3608 1381 3662 Brokan·

486 3687 588 3758 bergh,
616 3688 802 3755 Mulbourne,
823 3688 1002 3744 Thornhulle
1030 3695 1061 3744 et
1079 3691 1200 3746 Burton.
1239 3689 1273 3744 22
1300 3689 1381 3746 Edw.

455 3851 651 3910 ccxxvrss.
681 3854 770 3910 Carta
804 3855 840 3910 de
861 3873 921 3911 uno
947 3855 1098 3927 mesuagio
1128 3856 1160 3912 in
1190 3856 1380 3926 Engerames·

488 3937 562 4000 lano,
582 3937 660 3992 sacta
677 3937 715 3992 ad
733 3936 893 3992 terminum
911 3937 990 3993 vitae.
1238 3980 1245 3989 .

454 4018 615 4075 CCXXlX.
635 4019 724 4075 Certa
741 4037 794 4076 sen
812 4021 912 4093 quieta
930 4021 1090 4078 clamaneia
1103 4021 1246 4079 Johannae
1264 4021 1332 4077 filiae
1351 4028 1381 4078 et

485 4102 600 4158 heredis
618 4102 742 4159 Walteri
769 4104 796 4160 le
825 4104 1002 4175 carpentem
1030 4105 1107 4161 faeta
1129 4107 1203 4161 Adae
1231 4107 1267 4162 de
1296 4107 1381 4161 Stoa-

484 4184 574 4252 hulle,
603 4186 639 4242 de
670 4188 797 4257 quodam
824 4204 920 4244 annuo
946 4188 1066 4243 redditu
1091 4189 1179 4243 unius
1211 4189 1381 4258 quadrantis

486 4270 618 4324 solvendi
636 4287 688 4340 per
716 4288 825 4326 aunum
853 4288 905 4342 pro
937 4290 996 4326 uno
1022 4273 1173 4343 mesuagio
1201 4272 1232 4327 in
1259 4273 1379 4342 Ingera-

485 4353 622 4408 meslane.
660 4354 695 4408 14
713 4354 792 4412 Edw.
813 4355 854 4410 II.

454 4433 597 4491 CCXXX.
618 4436 724 4505 Quieta
743 4437 903 4494 ciamancia
915 4437 1033 4494 Thomae
1052 4438 1202 4512 Pelliparii
1229 4441 1264 4494 de
1283 4439 1381 4494 Lacok

485 4518 562 4574 facta
578 4519 653 4574 Ades
672 4521 707 4575 de
727 4519 881 4576 Stonhnlle
900 4521 936 4576 de
954 4539 1012 4576 uno
1025 4521 1175 4592 mesuagio
1195 4541 1261 4576 eum
1281 4522 1381 4576 curtil-

488 4601 565 4671 lagio
584 4603 735 4675 adjacente
754 4603 785 4658 in
804 4604 1033 4676 Ingramoslane.
1071 4605 1105 4659 14
1123 4606 1203 4660 Edu.
1223 4605 1266 4660 ΙΙ.

454 4683 614 4741 ΟΟΧΧΧΙ.
635 4685 742 4754 Quieta
754 4686 914 4742 clemencia
931 4687 1072 4744 Willelmi
1085 4694 1146 4742 atto
1166 4686 1256 4743 Stiele
1275 4694 1306 4742 et
1318 4687 1379 4742 Ma·

487 4767 567 4823 tildae
585 4770 685 4826 uxoris
703 4769 764 4841 ejus
783 4772 862 4826 sacta
878 4769 952 4826 Adae
979 4771 1015 4826 de
1044 4771 1197 4827 Stenhulle
1224 4773 1261 4829 de
1280 4773 1382 4828 eodem

484 4853 653 4910 tenemento
672 4853 703 4911 in
720 4852 977 4924 Engerameslano.
1016 4853 1212 4910 1444411.
1282 4853 1285 4860 ’
