3524 5808
451 865 516 932 ³52
702 885 902 938 ummmuu
925 889 1247 946 autumnumnssr.

448 1069 700 1154 Malmssburiae,
732 1077 768 1142 in
798 1078 996 1146 escambium
1027 1081 1126 1148 unius
1157 1082 1315 1169 mesuagii
1353 1087 1388 1149 61
1419 1083 1501 1152 dua·

446 1195 521 1242 rum
554 1177 733 1246 craftcmm
764 1181 855 1268 apud
887 1181 924 1249 lu
957 1183 1101 1263 Barcae,
1126 1205 1208 1272 quus
1238 1185 1424 1252 willelmus
1457 1185 1500 1252 de

446 1276 584 1347 Wotton
606 1281 648 1348 de
671 1281 771 1370 Sagra
800 1284 978 1370 aliqnando
1000 1288 1117 1356 tenuit
1157 1287 1383 1356 Concessimus
1398 1290 1500 1356 etiam

445 1370 567 1440 eisdem
605 1379 714 1440 unam
744 1372 917 1443 dimidiam
954 1397 1063 1444 acram
1100 1384 1198 1446 terrae
1230 1401 1304 1466 quae
1337 1380 1428 1467 jacet
1461 1380 1498 1446 in

444 1473 576 1543 brechia
608 1475 840 1562 praedictcrum
875 1478 1007 1546 abbatis
1044 1485 1079 1546 et
1115 1486 1299 1548 conventus
1336 1481 1373 1548 in
1403 1487 1496 1568 parte

443 1577 637 1646 occidentali
675 1578 787 1646 croftae
826 1578 990 1648 iohannis
1026 1582 1068 1650 de
1105 1583 1139 1650 16
1176 1583 1290 1662 Mense,
1327 1589 1363 1652 61
1393 1605 1495 1672 quan·

444 1679 520 1746 dam
552 1681 747 1768 perticulam
771 1686 867 1750 terras
898 1684 989 1770 apud
1022 1683 1059 1751 16
1090 1684 1213 1752 &mres
1252 1708 1311 1774 pro
1354 1687 1494 1773 quadam

442 1781 555 1850 chasia
591 1784 749 1869 predicto
771 1783 919 1852 «Iohanni
941 1786 982 1852 de
1003 1786 1037 1854 la
1059 1787 1165 1854 Mersa
1197 1788 1252 1854 vel
1282 1788 1354 1876 ejus
1386 1789 1492 1856 locum

442 1886 569 1952 tenenti
616 1907 773 1956 concessa
842 1887 1039 1956 Habendam
1083 1896 1118 1957 61
1154 1891 1330 1958 tenendam
1371 1891 1492 1960 dictam

440 2005 608 2074 brechiam
631 2011 666 2072 et
688 2005 812 2072 dictam
846 2005 1019 2072 dimidiam
1042 2027 1151 2074 acram
1174 2013 1270 2074 terrae
1301 2030 1376 2074 cum
1410 2031 1490 2095 prse-

440 2109 530 2174 dieta
567 2107 729 2194 particula
766 2114 863 2174 tenae
907 2113 942 2174 61
979 2109 1132 2174 omnibus
1169 2111 1379 2197 pertinentiis
1415 2113 1489 2188 suis,

440 2210 606 2296 praedictis
631 2210 773 2277 dominis
807 2208 920 2275 abbati
944 2215 978 2276 et
1011 2212 1190 2277 conventui
1213 2216 1247 2278 61
1280 2233 1392 2278 eorum
1422 2235 1492 2280 suc-

440 2313 621 2380 cessoribus
660 2312 771 2389 libare,
810 2312 923 2396 quiete
961 2313 1005 2379 ab
1042 2314 1133 2378 omni
1165 2313 1302 2382 servicio
1340 2314 1488 2381 absoluta

439 2417 692 2503 imperpetuum.
756 2413 985 2480 Concessimus
1018 2415 1119 2482 etiam
1152 2416 1275 2482 eisdem
1307 2419 1395 2503 quod
1426 2419 1487 2504 ipsi

438 2520 596 2586 claudant
618 2522 652 2584 61
685 2517 846 2583 fossatum
868 2516 983 2584 levent
1014 2517 1103 2584 inter
1135 2518 1300 2586 brechiam
1324 2521 1487 2606 quondam

439 2621 594 2708 Symonis
626 2622 667 2687 de
690 2619 882 2686 Herkedale
905 2625 940 2686 61
963 2620 1087 2687 dietam
1114 2620 1290 2700 brachium,
1313 2643 1334 2687 a
1356 2623 1486 2710 spineto

438 2727 479 2792 de
501 2723 646 2793 lathone
678 2723 715 2788 in
746 2723 955 2810 longitudine
978 2723 1223 2810 quinquaginta
1246 2726 1394 2812 quinque
1417 2748 1487 2812 per-

437 2830 622 2906 ticatarum‚
637 2828 688 2894 ita
709 2826 797 2914 quod
820 2831 953 2894 tantum
979 2831 1074 2894 terrm
1096 2827 1138 2894 de
1160 2833 1249 2896 terra
1271 2829 1385 2906 sterili,
1400 2829 1485 2894 unde

436 2933 596 2998 fossatum
620 2930 718 2996 debet
749 2929 865 3007 levari,
899 2928 1074 2996 dimittant
1099 2951 1199 3017 panes
1230 2951 1291 2998 nos
1325 2935 1485 3016 quantum
1577 3016 1580 3020 ἢ

436 3057 496 3101 nos
518 3055 618 3122 penes
649 3033 738 3119 ipsos
760 3031 945 3098 dimisimus
977 3031 1014 3096 in
1037 3031 1244 3119 longitudine
1266 3033 1485 3122 quadraginin

436 3121 582 3224 quinque
614 3136 858 3223 perticatarum.
908 3135 952 3200 Et
974 3156 1034 3201 nes
1057 3136 1232 3222 praedictas
1265 3137 1485 3225 quadraginin

434 3242 580 3329 quinque
612 3239 788 3326 perticatas
826 3239 875 3302 itu
910 3237 1100 3305 claudemus
1134 3244 1169 3305 61
1199 3239 1236 3303 in
1264 3239 1336 3306 tali
1373 3240 1488 3306 clauso'

434 3343 664 3420 custodiemus,
699 3340 788 3427 qued
824 3339 976 3426 praedicti
1009 3340 1114 3408 abbas
1146 3345 1180 3406 ct
1215 3347 1401 3436 conventus
1431 3343 1481 3408 in·

434 3448 590 3533 dampnes
632 3445 874 3511 conserventur.
938 3442 983 3508 Et
1020 3443 1055 3506 si·
1087 3443 1200 3508 616116
1248 3445 1481 3530 praedictorum

433 3551 564 3619 abbatis
599 3555 634 3616 et
667 3552 851 3616 conventus
888 3569 948 3632 pro
986 3547 1120 3614 defectu
1151 3547 1330 3615 clausturae
1362 3556 1482 3617 nostrae

433 3655 469 3720 in
503 3660 607 3720 terras
637 3657 767 3718 nostras
790 3651 940 3738 ingressa
970 3649 1105 3728 fuerint,
1136 3671 1205 3716 non
1238 3651 1354 3719 licebit
1385 3653 1480 3719 nobis

432 3780 490 3824 seu
513 3756 646 3825 ballivis
675 3755 796 3820 nostris
820 3775 859 3819 ea
881 3753 1051 3838 inparcare
1073 3774 1134 3820 nec
1168 3753 1296 3842 aliquas
1329 3755 1479 3821 emendas

432 3882 547 3948 capere
569 3881 628 3926 ssu
651 3858 790 3944 exigere.
845 3853 1072 3922 Concassimns
1105 3855 1208 3920 etiam
1239 3856 1370 3936 eisdem,
1393 3857 1479 3943 quod

431 3965 577 4032 habeant
611 3963 724 4028 decem
747 3963 781 4028 et
811 3963 885 4026 octo
907 3957 1007 4046 pedes
1039 3957 1075 4022 in
1110 3942 1295 4025 latitudine¹
1323 3983 1344 4026 6
1376 3965 1479 4026 strata

430 4069 565 4158 publica
585 4086 700 4132 versus
724 4061 926 4130 Batltoniam
950 4081 1054 4148 usque
1076 4059 1141 4128 ad¹
1164 4061 1288 4130 dictam
1305 4061 1478 4142 brachium,

431 4173 472 4238 da
495 4170 592 4236 terrie
621 4165 800 4232 nostriset
831 4163 1002 4229 hominum
1033 4165 1221 4228 nostrorum
1244 4163 1374 4230 servilis
1403 4185 1479 4232 con·

431 4275 576 4342 ditionis.
620 4272 691 4338 Nus
714 4289 792 4334 vero
816 4271 850 4334 61
884 4287 1082 4334 successores
1115 4267 1220 4333 nostri
1251 4268 1374 4335 dietam
1407 4270 1480 4335 bre·

430 4382 539 4450 chiam
562 4385 597 4447 et
620 4378 743 4446 dicum
766 4374 939 4441 dimidiam
962 4393 1071 4440 ceram
1101 4377 1200 4440 161166
1222 4395 1298 4440 cum
1320 4375 1480 4461 praedicta

429 4484 591 4573 perticula
622 4487 718 4548 terrea
749 4484 784 4546 et
807 4477 926 4546 clausis
958 4475 1165 4562 supradictis,
1188 4497 1263 4542 cum
1302 4475 1480 4543 latitudine

429 4589 540 4655 decem
563 4579 601 4652 61
620 4589 693 4652 6616
716 4582 838 4669 pedum
861 4601 882 4646 6
904 4581 1008 4646 611616
1040 4579 1175 4665 publiea
1197 4601 1270 4666 quse
1291 4579 1384 4646 ducit
1406 4601 1479 4644 ver·

869 4827 942 4894 lad]
963 4843 987 4890 a,
999 4828 1056 4880 irs.
