3570 5804
414 883 525 954 lxxxii
854 899 1018 956 neesson.

450 1087 521 1160 Cep.
541 1085 721 1144 somn.
740 1084 846 1156 Quieta
869 1085 1030 1144 clemencia
1052 1085 1174 1143 Roberti
1192 1085 1299 1160 Russel
1316 1091 1347 1142 ei
1363 1085 1468 1143 Aliciae

574 1169 672 1226 uxoris
691 1168 754 1240 ejus
772 1170 849 1226 fecta
865 1171 939 1225 Ades
957 1170 994 1225 de
1013 1169 1166 1226 Stenhulle
1186 1170 1222 1227 de
1240 1187 1299 1226 une
1317 1168 1469 1240 mesuagio

575 1252 606 1307 in
624 1253 869 1324 Ingeremeslene.
907 1253 942 1335 15
961 1253 1042 1309 Edw.
1061 1254 1104 1309 Π.

539 1360 736 1418 CCXXXIII.
757 1361 845 1418 Certe
862 1361 935 1418 Adae
955 1361 1109 1418 Sionhnile
1133 1361 1211 1418 sacta
1237 1362 1368 1420 Waltero
1385 1361 1468 1417 Moes

575 1450 605 1500 ei
624 1444 780 1500 Gunnildee
798 1445 882 1500 uxori
900 1462 961 1500 suae
988 1445 1024 1500 de
1052 1463 1110 1500 uno
1137 1445 1287 1515 mesuagio
1306 1445 1337 1500 in
1364 1445 1467 1514 Ingra-

573 1529 701 1584 meslsne
728 1528 837 1584 sinuato
855 1528 932 1584 inser
959 1533 1127 1586 tenementa
1153 1527 1342 1584 Piebeneiarii
1368 1527 1467 1583 (110-

574 1610 679 1666 hennis
699 1610 818 1666 Gumbe.
857 1611 891 1666 16
910 1611 990 1666 Edw.
1010 1611 1053 1666 II.

539 1719 733 1778 GOXXXIV.
758 1720 848 1776 Certe
874 1720 1017 1777 Johannis
1045 1721 1081 1776 de
1110 1721 1347 1792 Sevenhempton
1373 1720 1468 1791 espel-

574 1803 634 1858 leni
653 1805 730 1859 fecte
755 1805 870 1874 Regem
890 1805 916 1859 le
943 1805 1026 1860 Moes
1053 1804 1113 1860 filio
1140 1805 1264 1860 Walteri
1291 1806 1319 1859 le
1338 1803 1419 1858 Moes
1439 1809 1470 1858 ei

574 1887 749 1957 Margaretae
764 1887 848 1942 uxori
866 1887 929 1956 ejus
948 1894 979 1943 et
995 1887 1152 1942 heredibus
1172 1887 1233 1943 suis
1252 1889 1287 1942 de
1306 1905 1366 1942 une
1383 1887 1471 1941 domo

574 1988 641 2026 cum
660 1970 827 2040 cursillegio
851 1971 1001 2040 edjeeenie
1020 1971 1051 2026 in
1069 1971 1096 2026 le
1123 1971 1311 2027 Brodesireie
1330 1971 1407 2025 inber
1426 1976 1468 2024 te-

573 2059 743 2110 nementum
756 2053 898 2109 Willelmi
916 2054 1033 2109 Hesnrd
1052 2060 1082 2110 ei
1099 2055 1220 2110 domum
1239 2052 1355 2110 servicii
1369 2047 1470 2108 Bsetae

573 2137 675 2192 Marias
702 2136 732 2192 S.
760 2137 855 2206 Pauli,
884 2155 971 2209 quem
992 2138 1090 2194 Alieie
1115 2138 1289 2196 Wodewerd
1319 2143 1400 2193 benet
1430 2137 1469 2192 ed

574 2219 732 2275 terminum
726 2219 829 2358 II{isse
856 2237 917 2277 suae
936 2239 971 2277 ex
997 2220 1168 2278 dimissione
1188 2221 1357 2278 Petronillae
1375 2221 1468 2278 Moes,

572 2303 608 2358 18
625 2303 706 2358 Edw.
780 2345 786 2359 .

537 2385 711 2525 ἛΧΧΞ.
758 2386 801 2442 ne
838 2405 897 2444 uno
942 2386 1086 2459 burgagio
1130 2387 1162 2444 in
1199 2349 1369 2459 saneim.
1433 2387 1470 2444 18

618 2486 652 2524 W.
709 2511 715 2524 .

536 2577 728 2636 COXXXVI.
748 2578 837 2635 Certe
853 2579 995 2637 Willeimi
1019 2580 1132 2637 abbatis
1151 2587 1183 2636 eb
1201 2585 1362 2637 conventus
1389 2580 1470 2636 faeie

571 2660 691 2716 Rieerdi
708 2660 800 2732 Wrog
818 2662 854 2718 de
872 2681 931 2719 uno
955 2664 1106 2735 mesuagio
1124 2669 1155 2720 et
1171 2683 1230 2719 uno
1249 2663 1417 2734 cartillagio
1436 2663 1470 2718 in

570 2744 635 2800 vieo
659 2743 709 2814 qui
736 2744 845 2801 dicitur
869 2747 977 2813 Estmt,
996 2747 1144 2803 reddendo
1163 2747 1324 2804 infi'rmnrio
1343 2744 1469 2803 ebbehiae

570 2847 749 2899 perannum
768 2829 843 2886 iiiis.

535 2937 743 2994 CCXXXVII.
775 2938 864 2994 One
888 2939 1010 2996 Roberti
1040 2939 1095 2994 filii
1126 2946 1156 2996 ee
1191 2940 1308 2997 heredis
1345 2938 1468 2996 Rieerdi

569 3020 661 3093 Wrog
679 3021 756 3076 fecte
774 3019 893 3077 Thomae
912 3021 948 3076 de
967 3021 1130 3078 Dunheved
1148 3023 1184 3078 de
1212 3041 1271 3078 uno
1298 3029 1469 3079 tenemento

569 3121 636 3158 enm
663 3103 830 3174 curtillegio
858 3104 889 3159 in
916 3105 1025 3171 Estret,
1051 3107 1199 3163 reddendo
1226 3106 1389 3162 infirmario
1415 3105 1466 3162 eb·

568 3186 655 3242 betiae
673 3204 725 3257 per
743 3204 852 3242 annum
870 3187 915 3242 iiii
927 3205 949 3244 s.

536 3294 763 3351 COXXXVIH.
782 3295 871 3352 Oasis
887 3296 1007 3353 Thomoe
1025 3298 1061 3353 de
1088 3298 1261 3364 Dunheved‚
1281 3297 1466 3355 Wodewsrdi

567 3378 603 3432 de
622 3378 747 3444 Breden‚
776 3379 854 3434 faeta
880 3380 1008 3437 Roberto
1026 3381 1136 3437 Monek
1157 3383 1193 3438 de
1222 3383 1409 3455 Oodxynsone
1428 3383 1467 3438 de

567 3479 626 3516 uno
644 3467 811 3518 tenemento
822 3464 897 3527 [eum
924 3464 1093 3536 curtillsgio
1121 3465 1152 3521 in
1179 3465 1289 3530 Esset,
1316 3467 1466 3524 reddendo

566 3541 727 3601 infirmario
745 3544 869 3600 abbatiss
887 3563 940 3617 per
958 3565 1068 3604 annum
1085 3547 1132 3602 iiii
1143 3567 1165 3604 e.

532 3649 724 3707 OGXXXIX.
744 3651 832 3708 Cei-ie
850 3652 973 3709 Roberti
990 3654 1100 3711 Monek
1119 3656 1155 3713 de
1177 3655 1367 3729 Oedi-ynsene
1386 3658 1467 3714 fecte

566 3735 697 3791 Walters
714 3735 796 3791 Moes
815 3737 851 3791 de
870 3736 1080 3795 Malmesburia
1097 3740 1254 3796 mercatori
1272 3742 1308 3796 de
1326 3759 1386 3797 uno
1404 3759 1466 3796 me·

565 3819 669 3889 enegio
687 3835 754 3874 cum
773 3819 940 3890 curtillagio
958 3820 989 3874 in
1008 3821 1116 3887 Esiret,
1134 3824 1284 3880 reddendo
1301 3823 1468 3880 infirmario

541 3907 544 3916 '
566 3901 690 3956 ebbetiae
708 3919 761 3972 per
779 3919 889 3958 annum
908 3902 952 3957 iiii
961 3922 983 3958 s.
1020 3903 1037 3958 5
1056 3903 1137 3962 Edw.
1157 3907 1201 3962 II.

531 4007 642 4064 CCXL.
662 4008 750 4065 Certe
767 4009 910 4066 Willelmi
928 4010 1033 4067 Moiun
1052 4019 1082 4068 ee
1107 4013 1244 4072 cristinae
1272 4015 1371 4072 uxoris
1398 4015 1466 4087 ejus

566 4092 643 4147 fecte
660 4091 779 4147 'Phemae
799 4094 896 4164 Brynn
923 4098 953 4149 et
980 4093 1107 4150 Juiinnae
1126 4097 1210 4152 uxori
1238 4097 1303 4171 ejus
1323 4099 1360 4153 de
1388 4097 1466 4154 Mel-

564 4176 690 4230 mesbnr.
709 4176 745 4230 de
763 4191 824 4230 une
841 4193 908 4232 ecre
920 4182 950 4232 et
968 4177 1090 4234 dimidie
1103 4185 1190 4234 terrie
1208 4181 1329 4236 arabilis
1347 4183 1467 4252 jacente

565 4257 643 4327 epud
662 4257 845 4313 Stenchesbie
864 4265 894 4314 st
912 4259 1075 4317 Lubelfelde
1093 4280 1196 4318 versus
1215 4262 1434 4319 Bobbsthorne.

530 4352 658 4408 com.
679 4352 767 4410 Certe
782 4355 925 4412 Johsnnis
944 4356 1021 4430 Cory
1040 4360 1117 4415 fecte
1134 4360 1267 4416 Waltero
1285 4363 1313 4416 le
1331 4361 1414 4417 Moes
1434 4367 1468 4417 ee

564 4434 720 4492 Gunnildes
738 4438 821 4491 uxori
840 4439 903 4510 ejus
922 4440 957 4494 de
975 4459 1035 4496 une
1052 4459 1120 4496 nere
1146 4447 1233 4497 ierrae
1252 4444 1331 4514 apud
1349 4445 1466 4515 Begge-

563 4518 675 4591 brugge
693 4520 726 4574 in
744 4522 854 4592 eampis
873 4523 909 4577 de
928 4523 1144 4595 Brokenberge.
1181 4527 1199 4581 8
1218 4525 1300 4583 Edw.
1319 4527 1363 4583 II.

529 4624 674 4682 OOXLII.
695 4626 784 4684 Certe
801 4627 944 4686 Wiilelmi
962 4632 1048 4702 Dogh
1066 4634 1146 4689 seete
1172 4631 1256 4704 Elyae
1274 4635 1409 4692 Nermen
1428 4635 1469 4692 de

562 4709 663 4765 Msim.
682 4711 718 4766 de
737 4730 787 4766 sex.
805 4712 881 4768 aeris
899 4719 985 4768 eerrae
1003 4715 1122 4770 erabilis
1138 4715 1307 4787 jacensibus
1335 4718 1367 4774 in
1385 4735 1467 4776 cem·

562 4792 608 4864 pis
627 4793 663 4852 de
681 4793 856 4852 Muibeurne
874 4803 905 4852 eb
923 4797 1063 4855 Weleote.
1101 4801 1119 4853 9
1137 4799 1218 4857 Edw.
1238 4801 1282 4856 H.
