3578 5808
550 925 749 977 auarsraun
772 925 1094 978 nsauasauamssa
1305 913 1346 980 75

702 1167 781 1234 Car.
809 1165 939 1232 CCXX.

356 1335 405 1402 De
426 1335 582 1404 dimidia
604 1336 739 1422 uirgato
761 1343 858 1401 terroe
882 1357 1032 1402 concana
1065 1336 1229 1403 Willclmo
1255 1335 1294 1402 dc

610 1439 776 1504 Oorrraore
799 1438 842 1503 ia
866 1438 1042 1504 Paritonc.

342 1590 516 1658 Universis
539 1591 665 1658 Christi
688 1591 841 1658 fidelibus
864 1599 1059 1678 praesentem
1082 1597 1208 1658 cartam
1229 1593 1349 1658 visuris
1363 1606 1483 1657 Granico

298 1692 351 1757 vel
373 1692 545 1770 audituris,
563 1692 732 1759 «Iohannes
755 1693 819 1758 Dei
841 1694 950 1779 gratia
972 1694 1073 1758 abbas
1097 1694 1349 1772 Malmesburiac,
1362 1673 1498 1792 ὲᾞξθ

298 1801 331 1860 et
350 1794 497 1880 ejusdem
519 1795 582 1861 loci
597 1801 787 1872 conventus,
804 1795 944 1861 salutem
964 1801 1122 1861 aeternam
1145 1796 1182 1860 in
1197 1797 1348 1863 Domino.

299 1895 439 1963 Noverit
473 1898 673 1964 universitas
704 1903 817 1964 vestra
862 1921 922 1962 nos
957 1899 1151 1964 concessisse
1183 1898 1349 1968 Willelmo

299 1998 433 2064 Thomas
467 1999 507 2064 de
539 1999 701 2065 Cornacre
733 1998 906 2064 dimidiam
942 2001 1106 2087 virgatam
1145 2007 1241 2066 terrae
1275 2023 1350 2066 cum

297 2101 507 2187 pertiuentiis
538 2102 573 2164 in
605 2101 773 2180 Piritone;
808 2101 900 2166 illam
935 2102 1091 2167 videlidet
1125 2125 1224 2187 quam
1256 2110 1351 2190 pater

298 2223 377 2266 suus
400 2204 517 2280 tenuit,
540 2203 725 2268 habendam
756 2209 791 2267 et
815 2203 990 2268 tenendam
1022 2203 1062 2268 de
1088 2204 1184 2269 nobis
1214 2211 1249 2268 et
1279 2227 1350 2269 suc·

299 2303 477 2370 sessoribus
508 2305 630 2370 nostris
653 2305 729 2389 jure
754 2303 953 2370 hereditario
980 2305 1243 2391 imperpetuum:
1279 2306 1350 2370 red-

299 2405 405 2472 dendo
435 2406 512 2472 inde
535 2407 708 2472 annuatim
741 2412 882 2491 quatuor
908 2406 1029 2472 solda
1060 2406 1190 2492 gabulo,
1213 2414 1248 2472 et
1278 2409 1350 2473 den.

301 2507 413 2575 Sancti
458 2508 557 2585 Petri,
601 2509 660 2573 ubi
706 2531 785 2574 xxx.
831 2509 903 2574 den.
947 2513 1025 2574 ante
1071 2515 1183 2576 tamen
1225 2511 1351 2576 solvere

300 2611 490 2676 consuevit:
521 2610 654 2687 seilicet,
677 2611 714 2674 in
737 2610 822 2675 festo
847 2610 961 2676 Sancti
985 2610 1155 2677 Michaelis
1179 2613 1351 2679 duodecim

300 2712 371 2776 den.
383 2737 390 2791 ;
417 2712 559 2777 infesto
592 2711 708 2778 Sancti
730 2712 873 2777 Andreae
900 2712 958 2776 xii.
982 2712 1076 2790 den.;
1103 2713 1139 2776 in
1161 2715 1349 2780 Annuneia·

299 2814 389 2880 tione
420 2813 533 2880 Beatae
556 2814 671 2879 Mariae
698 2814 754 2878 xii.
780 2814 878 2894 den3
909 2813 1003 2878 etin
1034 2815 1224 2880 Nativitate
1255 2817 1351 2882 Beati

300 2915 461 2982 Johannis
485 2916 647 3003 Baptistae
672 2915 727 2980 xii.
752 2916 844 2996 den.;
871 2938 930 3001 pro
953 2917 1043 2981 omni
1066 2918 1202 2982 servitio
1225 2918 1269 2983 ad
1290 2940 1350 2982 nos

299 3019 493 3106 pertinente,
514 3019 616 3086 salvis
639 3018 736 3085 sectis
760 3019 880 3083 debitis
904 3025 938 3084 et
961 3019 1133 3097 consuetis,
1157 3026 1192 3084 et
1214 3022 1351 3086 servicio

299 3121 424 3186 domini
459 3121 554 3208 regis,
585 3125 747 3206 quantum
780 3120 822 3185 ad
854 3119 1025 3184 dimidiam
1059 3121 1222 3208 virgatam
1255 3129 1351 3188 terrae

298 3222 450 3310 pertinet.
497 3222 560 3286 Pro
583 3222 646 3288 hac
668 3227 780 3287 autem
803 3223 1008 3288 concessione
1032 3223 1124 3288 dedit
1146 3223 1241 3288 nobis
1267 3247 1350 3311 prae-

298 3326 388 3392 latus
411 3325 596 3390 Willelmus
630 3349 685 3390 xx.
718 3327 773 3392 sol.
804 3326 933 3412 argenti
968 3326 1011 3390 ad
1043 3328 1177 3414 negotia
1208 3328 1350 3394 ecclesiae

298 3435 421 3496 nostrae
455 3428 667 3516 expedienda.
727 3428 768 3492 In
802 3429 896 3514 cujus
928 3429 975 3494 rei
1008 3423 1233 3495 testimonium
1267 3429 1363 3496 hanc.

298 3537 425 3598 cartam
476 3531 507 3596 ei
545 3531 692 3609 fecimus,
727 3537 762 3596 et
799 3530 917 3617 sigillis
958 3533 1079 3598 nostris
1116 3533 1351 3600 roboravimus.

298 3633 376 3698 Hiis
400 3633 549 3712 testibus,
573 3639 633 3700 etc.

694 3896 773 3963 CAP.
799 3894 948 3962 CCXXI.

299 4063 504 4150 Compositio
521 4062 618 4148 facta
640 4062 732 4128 inter
754 4061 929 4127 vicariana
944 4062 1083 4128 nonno
1105 4062 1226 4130 Snaotc’
1241 4066 1352 4133 Pasti

463 4172 493 4230 et
512 4165 639 4251 fratres
663 4163 840 4251 hospitatis
863 4166 983 4232 Sancti
997 4165 1178 4233 romanis.

345 4319 519 4384 Universis
543 4315 669 4382 Christi
691 4316 844 4382 fidelihus
867 4323 1044 4402 praesentes
1068 4319 1194 4385 litteras
1226 4320 1352 4407 inspec-
1365 4341 1499 4409 composi-

298 4422 385 4485 turis
420 4419 474 4486 vel
508 4419 681 4496 audituris,
705 4417 872 4484 Walterus
899 4420 1111 4504 permissione
1144 4422 1259 4487 divina
1282 4424 1351 4489 Sar’
1364 4409 1500 4528 {ss'geket'he

296 4526 472 4612 episcopus
495 4524 634 4588 salutem
658 4523 693 4586 in
709 4522 852 4587 Domino
876 4524 1117 4609 sempiternam.
1164 4527 1249 4591 Cum
1265 4529 1474 4595 intervicarof

296 4627 485 4692 Walterum
523 4633 719 4713 perpetuum
753 4625 911 4691 vicarium
951 4625 1094 4692 ecclesiae
1127 4627 1223 4692 Beati
1255 4629 1351 4696 Pauli
1363 4611 1500 4728 ffiffll

296 4729 544 4796 Malmesburiae
566 4734 718 4806 actorem,
743 4749 782 4793 ex
807 4732 901 4814 parte
926 4749 1000 4806 una,
1023 4733 1058 4794 et
1089 4731 1284 4816 magistrum
1316 4740 1514 4809 ethospimof

294 4833 416 4899 stass
445 4831 621 4920 hospitalis
655 4829 768 4898 sanes
799 4829 961 4896 solennis
995 4830 1238 4900 malmesburiae
1269 4857 1351 4915 reos,
1364 4809 1493 4864 asa.
