3578 5808
536 913 735 966 arersrnnn
758 911 1081 966 amnesnunmnsn.
1292 901 1333 965 45

281 1101 449 1169 Aldhelmi
483 1103 525 1168 de
557 1101 798 1178 Malmesburia
821 1106 857 1167 et
879 1101 910 1166 J.
934 1101 1057 1180 abbati,
1092 1107 1125 1168 et
1157 1103 1336 1169 conventui
1348 1079 1367 1150 f'.
1381 1104 1427 1150 ¹93
1436 1097 1459 1150 ὖ·

281 1205 427 1291 ejusdem
450 1203 522 1283 loci,
545 1203 756 1270 donationem
779 1203 883 1269 totius
906 1207 1003 1269 terrae
1026 1224 1101 1270 oum
1126 1204 1337 1291 pertinentiis

282 1306 318 1370 in
349 1305 507 1394 (ilotlege
531 1325 631 1392 quam
663 1327 723 1393 ego
757 1305 833 1371 dedi
865 1304 1032 1371 Willelmo
1063 1305 1159 1373 fratri
1181 1328 1254 1372 meo
1277 1329 1336 1394 pro

282 1408 435 1496 homagio
457 1414 493 1476 et
524 1408 663 1475 servicio
697 1430 765 1486 suo,
789 1412 895 1474 totam
929 1408 1085 1474 videlieet
1117 1415 1238 1476 terram
1262 1431 1336 1475 eum

281 1511 491 1598 pertinentiis
523 1532 623 1598 quam
655 1509 756 1597 Sewy
788 1509 989 1576 Thawedust
1019 1512 1139 1590 tenuit,
1167 1517 1202 1578 et
1232 1533 1336 1576 unum

280 1614 507 1680 lundinarium
528 1635 603 1680 eum
618 1613 834 1700 pertinentiis,
852 1613 939 1698 quod
958 1613 1049 1700 jacet
1064 1619 1179 1680 contra
1202 1614 1335 1681 domum

282 1715 449 1802 Radulphi
477 1716 664 1795 Alderman,
693 1719 728 1782 et
761 1736 862 1781 unam
893 1736 1002 1783 aeram
1034 1717 1122 1802 prati
1153 1717 1190 1781 in
1217 1717 1336 1783 Crede-

281 1839 370 1884 more
404 1841 478 1905 quae
509 1817 656 1906 pertinet
687 1818 729 1884 ad
764 1823 886 1884 terram
910 1839 1017 1884 meam
1041 1819 1082 1884 de
1117 1817 1336 1906 Thederinge-

282 1920 387 2000 done3
419 1941 518 2007 quam
552 1926 675 1986 terram
709 1921 773 1986 emi
805 1921 847 1986 de
878 1919 1031 1986 lohanne
1062 1919 1184 1998 Scotto,
1208 1925 1242 1986 et
1264 1943 1337 2008 par-

282 2022 439 2109 ticipibus
473 2023 551 2109 ejus,
584 2021 717 2108 seriptis
751 2026 786 2088 et
823 2021 941 2109 sigillis
975 2023 1180 2109 singulorum
1222 2023 1337 2089 confir-

282 2129 414 2190 matam.
462 2123 596 2191 Habeat
633 2125 738 2211 igitur
776 2129 810 2190 et
847 2129 961 2191 teneat
999 2125 1088 2191 dieta
1126 2125 1260 2191 eeclesia
1298 2127 1338 2191 de

282 2225 517 2294 Malmesburia
570 2232 693 2294 terram
739 2233 954 2294 memoratam
1000 2250 1075 2294 eum
1120 2229 1337 2314 pertinentiis,

282 2327 383 2393 libere
406 2333 440 2394 et
463 2327 574 2415 quiete
596 2333 756 2416 perpetuo
779 2351 854 2394 eum
889 2329 1042 2394 omnibus
1071 2329 1281 2396 libertatibus
1305 2337 1338 2397 et

227 2433 231 2447 '
283 2429 394 2496 liberis
417 2431 712 2498 eonsuetudinibus
735 2433 822 2499 sieut
844 2439 935 2498 carta
968 2453 1042 2498 mea
1063 2437 1214 2512 testatur,
1238 2457 1338 2520 quem

283 2555 380 2620 super
402 2533 580 2600 donatione
603 2556 677 2601 mea
700 2535 789 2602 dieto
812 2534 981 2601 Willelmo
996 2535 1058 2602 feei
1081 2541 1116 2602 et
1137 2537 1337 2616 confirmavi,

282 2635 375 2701 salvo
396 2637 499 2724 regali
534 2636 682 2716 servicio,
704 2637 791 2704 sieut
825 2638 861 2702 in
893 2642 983 2704 carta
1017 2638 1205 2704 continetur
1239 2661 1337 2726 quam

282 2739 370 2805 idem
392 2737 579 2805 Willelmus
604 2741 702 2807 dietae
735 2741 880 2808 ecelesiae
903 2741 1094 2828 resignavit,
1118 2743 1251 2828 quando
1273 2747 1338 2808 ter-

282 2861 353 2907 ram
375 2845 590 2907 memoratam
613 2841 719 2908 eidem
742 2842 885 2908 eontulit
899 2843 935 2907 in
950 2864 1066 2929 puram
1090 2848 1125 2909 et
1146 2850 1338 2932 perpetuam

283 2941 493 3007 elemosinam
525 2949 686 3029 perpetuo
717 2943 956 3029 possidendam.
1013 2943 1058 3009 Et
1088 2949 1129 3009 ut
1161 2945 1231 3012 haeo
1263 2969 1339 3013 eon·

282 3045 384 3112 cessio
406 3049 441 3110 et
464 3043 671 3111 confirmatio
695 3067 768 3111 mea
790 3045 886 3111 firma
920 3049 955 3110 et
989 3046 1117 3111 stabilis
1139 3053 1338 3132 permaneat,

283 3146 369 3213 hane
391 3151 518 3212 cartam
543 3146 591 3212 eis
614 3145 685 3226 feei,
709 3152 743 3213 et
765 3147 913 3236 sigillum
936 3169 1046 3214 meum
1069 3151 1217 3235 apposui.
1263 3152 1339 3216 Hiis

283 3248 436 3327 testibus,
458 3253 518 3317 eta

642 3560 722 3628 One.
748 3559 963 3630 CLXXXIX.

507 3737 613 3804 carte
636 3736 783 3824 Radalfi
809 3737 850 3804 de
873 3737 1113 3807 sorbentem.

329 3903 457 3969 Notum
491 3903 536 3967 sit
558 3901 709 3968 omnibus
743 3924 886 3988 praesens
916 3905 1075 3991 seriptum
1098 3909 1227 3989 visuris,
1251 3913 1339 3998 quod
1353 3921 1389 3971 οἱ
1398 3923 1441 3972 the

284 4027 346 4093 ego
372 4003 537 4071 Radulfus
561 4005 601 4069 de
625 4003 846 4071 Suderintone
869 4027 1028 4073 consensu
1054 4008 1212 4077 heredum
1251 4036 1338 4081 meo·
1351 4003 1428 4040 ome.

284 4131 360 4174 rum
396 4107 549 4186 oenomai,
580 4113 615 4173 et
652 4107 714 4174 hae
735 4109 891 4193 praesenti
923 4116 1014 4176 earta
1036 4134 1110 4179 mea
1138 4115 1339 4197 oonfinnavi,

284 4209 467 4276 venerabili
501 4211 589 4295 patri
611 4209 758 4276 Johanni
789 4210 902 4278 abbati
934 4213 1177 4282 Malmesburiae
1208 4223 1242 4283 et
1264 4241 1340 4286 eon·

284 4312 403 4380 ventui
436 4310 584 4398 ejusdem
618 4311 691 4390 looi,
713 4312 925 4379 donationem
963 4316 1068 4382 totius
1106 4324 1204 4384 terrae
1239 4343 1339 4406 quam

285 4413 473 4480 Willelmus
531 4413 634 4480 frater
683 4413 817 4481 Radulfi
855 4416 973 4482 vioarii
1011 4418 1053 4484 de
1100 4420 1340 4490 Hanekintene

286 4515 430 4584 eontulit
461 4515 603 4582 eeclesiae
639 4515 754 4584 Sancti
777 4516 946 4583 Aldhelmi
978 4519 1019 4586 de
1042 4520 1278 4590 Malmesburia
1304 4527 1340 4595 in

286 4639 404 4707 puram
428 4623 464 4684 et
477 4623 670 4705 perpetuam
693 4619 903 4686 elemosinam
919 4627 1077 4708 perpetuo
1102 4626 1340 4710 possidendam,

287 4721 427 4787 tamin
451 4721 547 4786 terris
579 4721 732 4800 calendie,
764 4745 863 4808 quam
894 4723 930 4788 in
962 4725 1067 4811 pratis
1090 4733 1124 4791 et
1146 4730 1276 4813 pascuis
1307 4739 1341 4797 et

289 4823 443 4891 omnibus
467 4822 541 4890 aliis
564 4823 774 4912 pertinentiis
798 4827 875 4905 suis,
898 4847 972 4894 euro
1005 4828 1157 4894 omnibus
1179 4830 1341 4902 libertati·
