3526 5810
530 895 727 946 arcrsrmm
751 889 1071 944 umumauamusn.
1260 873 1326 938 253

280 1103 419 1168 quarum
451 1105 519 1150 una
549 1106 626 1152 acra
652 1086 744 1171 jacet
778 1084 814 1148 in
845 1037 1060 1148 Rolfescrofte
1087 1101 1202 1146 versus
1225 1077 1326 1144 Obor-

280 1193 382 1264 stone,
399 1207 475 1272 quae
497 1187 564 1253 fuit
585 1187 763 1272 aliquando
786 1185 921 1252 Ricardi
943 1183 1084 1260 Pinnok,
1107 1187 1143 1247 et
1164 1202 1232 1246 una
1252 1200 1328 1246 acra

278 1289 368 1374 apud
406 1288 664 1376 Kyngeberewe,
687 1309 762 1374 quae
785 1288 852 1352 fuit
889 1287 1036 1374 ejusdem
1072 1284 1218 1362 Ricardi,
1252 1303 1324 1348 oum

280 1391 422 1476 quodam
443 1391 583 1478 pratello
605 1393 648 1457 ad
669 1390 861 1477 praedictam
883 1409 992 1455 acram
1014 1393 1110 1453 terrae
1133 1386 1326 1473 pertinente.

280 1493 325 1559 Et
346 1515 406 1560 nos
429 1501 464 1559 et
484 1515 682 1560 successores
703 1493 808 1558 nostri
828 1493 1001 1579 praedictas
1023 1491 1105 1555 duas
1119 1509 1211 1555 acras
1231 1493 1328 1552 terrae

280 1617 354 1661 cum
385 1595 596 1681 pertinentiis
626 1595 695 1659 suis
726 1594 893 1680 praedictis
925 1591 1088 1657 Eduardo
1118 1595 1153 1656 et
1179 1589 1328 1654 Isabellae

281 1698 378 1763 uxori
409 1720 486 1775 suae,
511 1718 610 1783 quam
632 1697 693 1761 diu
714 1697 871 1775 vixerint,
894 1700 1143 1761 concmcmnes
1175 1691 1328 1757 mortales

282 1799 580 1864 warantizabimus.
638 1797 734 1878 Quod
758 1798 786 1862 si
809 1798 1026 1862 warantizare
1048 1817 1116 1861 non
1138 1794 1329 1881 poterimus,

282 1923 325 1966 ex
346 1906 428 1966 tuno
449 1901 616 1987 praedictoe
647 1900 722 1964 duee
744 1921 829 1965 acrae
850 1905 946 1964 terrae
976 1897 1119 1976 arabilis,
1142 1918 1216 1963 cum
1246 1917 1330 1982 prae-

283 2003 371 2069 dicto
407 2002 557 2088 pratello,
589 2023 670 2089 ques
708 2002 859 2087 praedicti
899 2000 1083 2065 Edwardus
1117 2005 1152 2064 et
1189 1997 1332 2063 Isabella

282 2105 377 2170 nobis
411 2105 575 2169 dederunt
607 2103 649 2168 ad
682 2104 787 2168 vitam
822 2125 943 2180 eorum,
975 2103 1019 2168 ad
1052 2101 1227 2189 praedictos
1265 2099 1332 2163 Ed-

283 2207 432 2272 wardum
455 2213 490 2272 et
512 2205 686 2272 Isabellam
713 2206 784 2270 sine
806 2204 919 2291 aliqua
942 2203 1200 2270 contradictione
1223 2224 1331 2266 rever-

284 2313 406 2374 tantur.
468 2309 514 2372 Et
538 2314 614 2394 post
644 2307 812 2373 decessum
844 2307 1077 2393 praedictorum
1109 2305 1265 2370 Edwardi
1298 2310 1332 2369 et

284 2410 442 2488 Isabellae,
465 2409 631 2495 praedictae
655 2409 730 2474 duae
753 2431 836 2474 acrae
867 2414 964 2474 terrae
993 2410 1037 2475 ad
1068 2429 1128 2473 nos
1152 2414 1187 2473 et
1209 2429 1333 2473 succes-

193 2547 196 2554 *
284 2535 372 2580 sores
406 2519 535 2579 nostros
568 2513 639 2577 sine
673 2511 786 2598 aliqua
819 2512 1077 2577 contradictione
1115 2516 1333 2577 revertantur.
1416 2589 1418 2592 ι

285 2615 327 2680 ln
349 2615 443 2700 cujus
473 2615 522 2680 rei
543 2614 772 2680 testimonium
803 2613 865 2680 hoc
887 2613 1046 2699 scriptum
1078 2613 1244 2699 praedictis
1267 2612 1334 2677 Ed-

284 2720 396 2784 wardo
434 2725 469 2784 et
498 2717 662 2784 Ysabellae
696 2717 841 2794 fecimus,
874 2723 909 2782 et
943 2717 1026 2782 illud
1061 2716 1178 2802 sigillis
1212 2717 1333 2780 nostris

284 2822 496 2907 signavimus.
544 2821 621 2884 Hiis
644 2819 794 2896 testibus,
818 2826 878 2885 etc.

649 3055 728 3122 Car.
753 3055 979 3124 COOLXXII.

324 3207 428 3274 Cocta
450 3204 624 3274 Johomaie
646 3205 732 3293 Rufi
747 3205 845 3293 suctu
870 3205 1029 3274 othberto
1052 3206 1092 3274 de
1115 3206 1301 3274 rhomae.

332 3357 447 3423 Sciant
470 3361 649 3443 praeseutes
669 3363 704 3421 et
718 3356 825 3422 futuri
840 3358 928 3443 quod
944 3379 1004 3444 ego
1025 3357 1048 3423 J
1049 3357 1194 3423 ohannes
1216 3357 1337 3422 Ruffus
1350 3365 1432 3440 urent
1442 3361 1473 3412 or

287 3459 364 3525 dedi
386 3466 421 3524 et
440 3459 590 3536 concessi,
612 3463 646 3523 et
669 3457 730 3524 hac
751 3460 906 3545 praesenti
928 3465 1020 3525 carta
1042 3480 1115 3526 mea
1137 3459 1337 3540 confirmavi,
1350 3428 1449 3545 iffi?

288 3562 456 3628 Gileherto
485 3563 526 3627 de
553 3562 735 3638 Finemore,
758 3567 898 3648 cognato
927 3583 1007 3641 meo,
1031 3584 1091 3649 pro
1121 3563 1273 3650 homagio
1305 3559 1434 3629 et¹⁰¹¹⁶2

288 3665 426 3731 servicio
463 3685 531 3742 suo,
569 3669 675 3729 totam
712 3670 834 3729 terram
872 3685 979 3730 meam
1017 3685 1117 3752 quam
1155 3665 1260 3733 habeo
1303 3669 1339 3730 in

290 3767 501 3845 Blakelonde,
524 3789 598 3833 cum
625 3767 729 3854 pratis
754 3772 790 3840 ,et
812 3767 965 3853 pasturis,
988 3773 1023 3832 et
1044 3768 1196 3833 omnibus
1226 3769 1339 3834 liberis

289 3869 582 3937 consuetudinibus
614 3870 720 3935 eidem
752 3875 849 3934 terroe
882 3869 1134 3954 pertinentibus,
1161 3875 1196 3936 et
1226 3893 1339 3938 omnes

290 3972 437 4037 homines
459 3992 549 4036 meos
571 3992 654 4057 quos
677 3969 783 4036 habeo
814 3970 851 4034 in
883 3969 997 4035 eadem
1020 3970 1121 4036 villa:
1156 3974 1338 4039 tenendum

289 4081 325 4140 et
356 4074 554 4152 habendum,
589 4074 653 4139 sibi
686 4078 721 4138 et
754 4072 929 4138 heredibus
962 4074 1039 4151 suis,
1071 4075 1111 4141 de
1147 4098 1200 4142 me
1235 4082 1269 4142 et
1299 4077 1340 4144 dc

291 4177 465 4242 heredibus
488 4177 579 4252 meis,
595 4175 698 4241 libere
719 4180 754 4240 et
777 4176 909 4261 quiete:
932 4177 1100 4242 reddendo
1122 4199 1181 4264 por
1203 4201 1341 4259 annum,

291 4279 346 4345 ille
377 4284 412 4344 et
444 4277 581 4344 heredes
617 4278 679 4356 sui,
713 4277 797 4342 mihi
831 4282 866 4342 et
899 4278 1075 4344 heredibus
1106 4281 1196 4358 meis,
1228 4284 1340 4349 decem

291 4381 411 4448 solidos
434 4380 669 4467 sterlingorum
700 4401 760 4466 pro
783 4381 873 4446 omni
903 4381 1041 4448 servicio
1065 4387 1100 4446 et
1121 4383 1259 4451 seculari
1281 4407 1338 4450 ex·

292 4484 420 4550 actione
466 4482 550 4547 mihi
589 4487 624 4548 et
669 4482 846 4547 heredibus
883 4483 966 4548 meis
1010 4484 1207 4569 pertinente,
1245 4487 1337 4552 salvo

293 4586 430 4651 servicio
461 4585 586 4650 domini
616 4585 710 4671 regis
777 4585 956 4651 Reddendo
986 4587 1119 4664 scilicet,
1142 4589 1185 4653 ad
1215 4587 1342 4654 Pascha

293 4689 437 4774 quinque
460 4687 589 4764 solidos,
605 4693 639 4753 et
661 4687 704 4752 ad
720 4687 841 4752 festum
865 4687 979 4753 Sancti
1002 4688 1173 4755 Michaelis
1196 4690 1342 4775 quinque

292 4789 419 4856 solidos.
480 4789 578 4855 Hanc
599 4810 679 4855 vero
701 4789 893 4875 praedictam
918 4795 1051 4868 terram,
1073 4811 1148 4856 oum
1179 4792 1284 4876 pratis
1307 4796 1342 4858 et
