3578 5808
556 891 755 942 Rsclsrsun
780 888 1102 939 Msuusssnmsusn.
1314 871 1356 936 63

304 1078 447 1146 ecelesia
469 1078 511 1144 de
536 1077 798 1164 Gred[dewelle],
820 1078 1007 1156 alienatam,
1031 1099 1104 1163 ques
1128 1077 1262 1163 dejure
1285 1099 1357 1164 per-

304 1181 390 1246 tinet
424 1182 467 1246 ad
499 1180 667 1247 ecclesiam
700 1201 801 1258 susm,
825 1182 917 1246 etin
944 1179 1037 1266 cujus
1060 1180 1262 1266 possessione
1294 1179 1359 1243 fuit

304 1285 394 1350 dicta
424 1284 558 1351 ecclesia
593 1285 699 1350 multo
729 1291 885 1370 tempore,
919 1290 954 1349 et
987 1306 1086 1370 super
1116 1306 1154 1349 eo
1184 1284 1359 1349 intendens

304 1387 539 1472 possessorium
563 1391 597 1451 et
626 1387 827 1472 petitorium.
889 1384 980 1450 Petit
1011 1387 1110 1450 etiam
1145 1385 1359 1449 obventiones

306 1494 340 1553 et
363 1487 545 1553 oblationes
568 1488 604 1551 in
627 1486 752 1572 capello
776 1487 890 1552 Sancti
914 1487 1094 1565 Laurentii,
1119 1487 1184 1550 sita
1211 1487 1246 1550 in
1269 1485 1360 1551 curis

304 1594 416 1654 vestre
446 1590 486 1654 de
518 1587 781 1673 Ored[dewelle]‚
812 1588 854 1652 ed
887 1587 1054 1654 ecclesiam
1085 1608 1179 1652 susm
1210 1588 1250 1651 de
1285 1586 1360 1671 jure

304 1691 514 1777 pertinentes
538 1691 574 1755 in
598 1696 745 1774 fquarum
778 1691 978 1774 possessione
1003 1690 1068 1754 fuit
1091 1689 1225 1755 eeclesia
1255 1688 1360 1753 multo

304 1802 458 1878 tempore,
483 1793 688 1860 etintendit
712 1793 948 1879 possessorium
972 1797 1007 1857 et
1029 1793 1229 1878 petitorium.
1268 1790 1361 1857 Dicit

306 1895 406 1960 etiam
448 1893 535 1980 quod
574 1895 656 1960 dicti
697 1893 798 1959 ebbss
841 1899 875 1958 et
915 1900 1098 1959 conventus
1135 1893 1362 1980 spoliaverunt

306 1997 473 2062 ecelesiam
497 2019 590 2062 suem
606 1997 647 2061 de
671 1995 813 2062 secundo
828 1995 955 2061 meliori
972 1996 1082 2061 averio
1098 1997 1246 2060 omnium
1270 1996 1362 2060 dece·

307 2098 457 2164 dentium
484 2098 757 2184 parochianorum
788 2119 931 2175 suorum,
958 2099 1000 2163 ad
1035 2120 1109 2184 quae
1142 2098 1242 2163 etiem
1277 2097 1363 2182 petit

307 2201 446 2266 restitui.

352 2303 524 2368 Dictorum
541 2323 619 2368 vero
642 2302 772 2368 abbatis
795 2306 830 2367 et
852 2307 1034 2368 conventus
1057 2307 1247 2389 procurator
1269 2301 1362 2367 litem

308 2405 521 2472 contestando
540 2404 708 2490 respondit
731 2403 820 2489 quod
842 2405 1002 2470 decimam
1025 2405 1200 2490 garbamm
1223 2405 1259 2468 in
1282 2404 1363 2468 ville

310 2508 349 2573 de
366 2506 617 2592 Cred[dewelle]
641 2512 676 2571 et
699 2507 735 2571 in
751 2505 832 2572 villa
846 2508 887 2572 de
904 2507 1044 2583 Estoote,
1061 2513 1095 2573 et
1123 2508 1159 2572 in
1179 2508 1362 2573 Westcred-

310 2609 483 2696 [dewelle],
498 2615 533 2674 et
554 2610 590 2673 in
614 2608 852 2688 Chellewurde,
868 2614 902 2674 et
924 2611 960 2674 in
977 2610 1132 2689 Morcote,
1149 2611 1273 2697 injuste
1295 2632 1362 2675 non

309 2711 503 2798 percipiunt,
526 2712 604 2796 quia
627 2733 681 2776 ens
704 2711 892 2797 percipiunt
915 2733 957 2776 ex
980 2714 1184 2778 concessione
1207 2719 1241 2778 et
1264 2713 1364 2777 dons-

310 2814 398 2878 tione
422 2813 620 2878 venerabilis
643 2815 747 2898 patris
771 2813 809 2878 R.
834 2813 953 2878 Surum
977 2815 1129 2901 episcopi,
1153 2817 1210 2900 qui
1233 2815 1365 2880 easdem

308 2914 449 2981 eontulit
472 2915 669 2980 monasterio
693 2916 733 2980 de
749 2915 990 2993 Melmesburis,
1007 2922 1041 2981 et
1056 2916 1223 2982 monachis
1241 2916 1364 2981 ibidem

310 3017 381 3082 Deo
414 3017 645 3094 servientibus,
679 3039 754 3082 cum
801 3039 935 3082 assensu
974 3023 1009 3082 et
1042 3019 1215 3084 voluntate
1264 3020 1364 3084 totius

309 3117 445 3205 capituli
470 3119 607 3196 Sarum,
623 3119 666 3184 od
681 3125 897 3206 augurentum
920 3120 1166 3206 hospitalitatis,
1182 3127 1216 3186 et
1233 3121 1364 3186 nomine

309 3227 459 3312 perpetui
482 3225 641 3302 beneficii,
664 3227 786 3291 futuris
814 3232 849 3292 et
871 3227 1040 3313 perpetuis
1064 3227 1266 3313 temporibus
1288 3248 1364 3292 con-

309 3329 408 3392 cessit
430 3328 652 3414 possidendas,
676 3350 816 3414 quorum
839 3329 1046 3394 collationem
1071 3335 1106 3394 et
1127 3331 1365 3395 concessionem

309 3431 508 3496 monasterio
531 3430 572 3496 de
596 3430 831 3496 Malmmburis
853 3432 942 3496 dixit
975 3436 1166 3518 procurator
1188 3453 1256 3497 esse
1290 3452 1365 3497 oon-

308 3533 475 3599 firmetam
510 3553 531 3598 a
553 3532 797 3598 venerabilibus
821 3533 972 3618 patribus
994 3532 1101 3599 felicis
1124 3534 1366 3611 recordationis,

309 3635 513 3711 Innocentio,
530 3634 687 3721 Eugenio,
703 3635 889 3712 Anastasio,
905 3635 1053 3701 Adriano
1070 3641 1104 3701 et
1115 3635 1313 3713 Alexandro,
1330 3637 1365 3701 in
1380 3641 1396 3689 f·
1412 3637 1489 3690 1⁹⁹b·

309 3759 450 3825 quorum
473 3737 656 3824 privilegiis
680 3738 878 3803 monasterio
902 3738 942 3802 de
970 3737 1202 3804 Melmesburia
1216 3739 1364 3818 indultis,

310 3841 385 3906 hsce
400 3839 546 3905 clausula
568 3839 765 3916 continetur,
790 3844 974 3906 statuentes
997 3845 1036 3904 ut
1051 3862 1261 3926 quascunque
1292 3864 1365 3928 pos·
1395 3825 1401 3839 ⁸

309 3943 480 4018 sessiones,
507 3962 712 4026 quaecunque
742 3942 830 4006 bona
860 3942 948 4007 idem
978 3944 1215 4008 monesterium
1246 3945 1366 4029 inprae-

309 4043 494 4110 sentiarum
516 4043 607 4127 juste
633 4048 668 4107 et
698 4044 852 4108 canonice
883 4042 1037 4129 possidet,
1059 4048 1119 4108 eut
1148 4045 1185 4108 in
1216 4045 1366 4110 futurum

309 4146 519 4212 concessione
541 4143 745 4231 pontificum,
768 4144 944 4231 largitione
959 4167 1082 4232 regum,
1105 4146 1271 4212 oblatione
1287 4147 1366 4212 fide-

308 4249 404 4326 lium,
421 4269 479 4314 seu
495 4247 569 4312 aliis
583 4248 684 4332 justis
700 4248 814 4325 modis,
830 4246 901 4313 Deo
916 4249 1068 4335 propitio,
1083 4251 1206 4336 poterit
1220 4251 1367 4336 adipisci,

308 4352 409 4417 firme
443 4351 507 4415 tibi
546 4352 676 4436 tuisque
714 4351 952 4416 suecessoribus
986 4351 1115 4417 illibata
1145 4361 1367 4438 permaneant.

308 4453 385 4518 Nos
423 4452 528 4539 igitur
564 4452 715 4516 admissis
760 4453 933 4536 utriusque
971 4452 1075 4538 partis
1109 4453 1367 4539 probationibus,

307 4555 438 4620 auditis
477 4546 736 4620 confessionibus
774 4559 810 4619 et
850 4554 1139 4640 disputationibus,
1172 4561 1370 4627 examinatis

306 4657 416 4723 etiam
438 4663 509 4720 tam
532 4660 623 4721 carta
651 4655 796 4742 episcopi
827 4661 861 4720 et
894 4656 1031 4743 capituli
1064 4679 1163 4744 super
1195 4660 1369 4728 collatione

304 4759 413 4835 facts,
430 4777 531 4846 quam
558 4757 741 4848 privilegiis
763 4756 1001 4823 venerabilium
1026 4765 1159 4849 patrum
1184 4769 1371 4830 nostrorum
