3526 5810
393 898 458 961 220
644 913 842 963 asolsrsos
867 913 1187 963 malamortensis.

392 1128 600 1173 communem
623 1129 723 1194 quem
746 1109 944 1186 habuerunt,
966 1109 1020 1174 vel
1043 1108 1164 1174 habere
1186 1112 1376 1197 potuerunt,
1406 1108 1443 1170 in

393 1211 490 1274 terris
523 1217 559 1276 et
589 1212 692 1297 pratis
725 1212 876 1297 praedicti
910 1212 1072 1278 Johannis
1110 1213 1147 1276 in
1179 1212 1315 1278 australi
1350 1215 1444 1296 parte

392 1335 487 1398 aquae
518 1315 693 1400 praedictae,
716 1320 751 1380 et
774 1315 874 1380 etiam
902 1319 1007 1380 totam
1039 1335 1247 1381 communem
1281 1315 1317 1378 in
1350 1318 1444 1400 prato

393 1437 504 1480 eorum
522 1415 700 1502 Kyngmed
723 1417 898 1504 appellato,
921 1419 957 1481 in
980 1417 1104 1483 boreali
1126 1423 1220 1503 parte
1244 1438 1339 1502 aquae
1362 1436 1444 1502 prae·

392 1515 498 1594 diotae,
522 1523 597 1604 post
630 1518 745 1582 fenum
776 1517 854 1584 inde
877 1519 1046 1584 cariatum.
1102 1518 1147 1582 Et
1177 1518 1355 1604 praedictus
1386 1516 1443 1582 Jo-

391 1617 517 1685 hannes
554 1621 682 1686 remisit
704 1626 738 1686 et
761 1622 911 1707 quietum
935 1621 1092 1688 clamavit
1121 1641 1181 1708 pro
1204 1643 1238 1686 se
1261 1626 1295 1686 et
1319 1619 1444 1686 heredi-

391 1721 454 1788 bus
479 1729 513 1789 et
528 1725 704 1811 assignatis
727 1723 804 1803 suis,
829 1731 863 1790 et
878 1724 979 1790 etiam
994 1747 1053 1810 pro
1078 1725 1230 1790 omnibus
1256 1723 1445 1788 hominibus

392 1827 460 1890 suis
483 1827 524 1890 do
547 1827 743 1904 Somerford‚
768 1827 825 1913 qui
849 1827 977 1892 servilis
993 1831 1073 1892 sunt
1095 1827 1302 1905 conditionis,
1327 1827 1446 1912 imper-

392 1935 540 2016 petuum,
572 1933 677 1996 totam
712 1951 921 1996 communem
956 1951 1055 2015 quam
1086 1929 1215 2006 habuit,
1243 1930 1297 1995 vel
1335 1929 1445 2015 aliquo

392 2033 488 2097 modo
518 2033 639 2097 habere
669 2034 789 2120 potuit,
813 2033 848 2096 in
879 2033 976 2098 terris
1009 2037 1044 2098 et
1075 2032 1179 2118 pratis
1204 2032 1445 2118 ¹praedictorum

392 2135 522 2200 abbatis
553 2141 588 2200 et
621 2141 813 2212 conventus,
836 2141 871 2200 et
901 2135 1003 2200 etiam
1034 2133 1208 2199 hominum
1240 2157 1373 2200 suorum
1406 2135 1446 2199 de

394 2239 581 2316 Rodburno,
607 2239 643 2302 in
674 2238 813 2325 australi
844 2243 939 2323 parte
973 2247 1068 2323 aquae
1098 2238 1275 2324 praedictae.
1337 2238 1383 2302 Et
1407 2243 1447 2303 ut

394 2341 459 2406 ista
485 2341 677 2427 compositio
708 2341 847 2405 firmiter
869 2341 1071 2417 observetur,
1094 2341 1246 2427 praedieti
1276 2339 1378 2406 abbas
1411 2345 1446 2404 et

393 2448 586 2520 conventus,
618 2448 653 2508 et
683 2442 860 2528 praediotus
899 2443 1052 2507 dominus
1089 2441 1258 2507 Joharmes
1296 2441 1446 2518 Maudut,

393 2549 455 2616 hoe
489 2552 647 2636 scriptum
682 2549 770 2615 inter
803 2571 857 2616 eos
891 2549 963 2616 fieri
1000 2549 1150 2616 focerunt
1179 2549 1383 2636 bipertitum,
1414 2555 1448 2614 et

395 2656 511 2743 sigillis
547 2679 660 2722 eorum
694 2656 886 2723 alternatim
919 2656 1074 2743 appensis
1109 2656 1310 2722 munierunt.
1371 2655 1447 2720 Hiis

396 2761 547 2837 testibus,
572 2767 631 2826 eto.

762 2897 841 2963 CAP.
866 2895 1090 2964 COCXLVII.

396 3036 599 3124 Compositio
630 3036 722 3102 ieter
747 3035 898 3101 abbatem
926 3033 1111 3102 Wolterotm
1134 3042 1163 3102 ot
1191 3037 1375 3102 Wolterttm
1407 3033 1445 3103 de

484 3139 632 3224 Asaelepe
663 3138 702 3204 de
728 3136 885 3224 postoris
910 3145 940 3203 ot
963 3139 1064 3204 terrie
1086 3137 1233 3205 colettdis
1262 3140 1361 3226 opttd
1383 3139 1448 3205 Na

484 3249 641 3308 waratone.

227 3389 378 3466 settlement
441 3379 608 3444 Noverint
645 3378 794 3466 universi
834 3378 924 3463 quod
967 3378 1017 3444 ita
1055 3379 1185 3464 quievit
1225 3379 1449 3448 oontroversia

227 3455 365 3572 fflpm
395 3481 513 3546 habita
538 3483 627 3546 inter
649 3481 820 3546 dominum
843 3481 1029 3546 Walterum
1051 3482 1206 3548 abbatem
1229 3483 1270 3548 de
1295 3483 1448 3549 Melmes-

227 3604 343 3639 common
395 3584 447 3648 ria
468 3588 503 3648 et
526 3583 674 3668 ejusdem
700 3583 763 3649 loci
786 3588 996 3662 conventum,
1012 3589 1054 3663 ,et
1076 3584 1226 3650 homines
1248 3586 1290 3650 de
1312 3585 1461 3651 Nissen-¹

228 3655 320 3720 rights.

397 3693 483 3765 tone,
499 3707 542 3750 ex
565 3707 632 3751 una
654 3691 757 3772 perte,
780 3692 815 3750 et
837 3686 1008 3751 dominum
1023 3687 1208 3752 Walterum
1232 3688 1272 3753 do
1294 3689 1448 3776 Aeselege

396 3796 430 3854 et
452 3788 602 3854 homines
623 3788 769 3874 ejusdem
792 3788 881 3852 villae
912 3811 954 3854 ex
976 3788 1044 3854 alia
1065 3795 1167 3875 parte,
1184 3790 1225 3854 de
1248 3793 1392 3877 pasturis
1414 3798 1450 3858 et

396 3893 491 3956 terris
514 3891 665 3956 oolendis.
705 3889 869 3956 Videlicet
883 3891 971 3976 quod
984 3891 1091 3956 dietus
1106 3891 1208 3956 abbas
1231 3893 1272 3957 de
1294 3893 1447 3960 Melmes-
1537 3895 1540 3908 '

396 3995 492 4058 buria
514 4015 581 4059 non
603 3993 702 4058 debet
724 3993 901 4060 decaetero
924 3994 1028 4060 colere
1042 3999 1163 4060 terram
1186 3995 1227 4060 de
1249 3995 1448 4064 Niwentone

227 4106 248 4158 f.
259 4111 316 4157 245.
391 4097 556 4182 jacentem
593 4097 680 4161 inter
712 4097 809 4162 villas
841 4097 881 4162 de
914 4096 1113 4162 Niwentone
1145 4102 1180 4162 et
1212 4097 1253 4162 de
1287 4099 1448 4186 Asselege,
1486 4175 1488 4178 ,

395 4201 459 4264 nisi
483 4201 569 4265 sieut
590 4199 777 4284 antiquitus
806 4204 1022 4264 consueverat
1048 4198 1119 4264 ooli.
1180 4199 1225 4265 Et
1247 4201 1335 4286 quod
1365 4225 1448 4290 prae·

395 4303 503 4368 dictus
527 4301 692 4367 Walterus
722 4301 762 4366 de
794 4301 947 4388 Asselege
977 4301 1114 4368 habebit
1144 4303 1317 4369 mariscum
1351 4327 1448 4370 suum

396 4407 437 4472 de
475 4405 705 4492 Oheggeberge
742 4405 893 4491 quietum
930 4425 952 4471 a
988 4423 1162 4471 commune
1199 4406 1370 4473 hominum
1407 4409 1448 4474 de

398 4509 607 4575 Niwentono.
667 4508 758 4574 Dieti
781 4530 860 4573 vero
889 4507 991 4574 abbas
1017 4513 1052 4573 et
1080 4515 1264 4575 conventus
1295 4511 1448 4577 Malmes-

397 4615 503 4680 buriae
525 4613 695 4679 habebunt
717 4613 892 4678 mariscum
915 4633 1020 4690 suum,
1039 4613 1205 4697 jacentem
1230 4635 1273 4678 ex
1295 4615 1448 4681 orientali

397 4722 491 4802 parte
526 4721 640 4781 stratae
673 4715 815 4801 publieae
849 4736 924 4800 quse
953 4720 1091 4780 vooatur
1126 4715 1199 4794 Fos,
1230 4717 1381 4804 quietum
1413 4723 1447 4784 et

397 4825 570 4906 exceptum
601 4839 816 4884 acommune
847 4815 1018 4884 hominum
1051 4820 1091 4884 de
1114 4819 1275 4906 Asselege.
1334 4823 1445 4889 Habe*
