3566 5820
470 879 534 943 114
723 897 921 946 rencrsruuu
946 896 1272 946 urnusseuurnnsn.
1310 866 1313 872 ’

468 1083 717 1163 Mulmcsburiee,
741 1085 914 1152 duodecim
937 1087 1089 1152 denarios
1111 1087 1155 1152 ad
1185 1086 1268 1151 duos
1292 1085 1373 1150 anni
1406 1084 1520 1149 termi-

468 1206 547 1264 nos;
576 1185 708 1262 scilicet,
731 1187 775 1252 ad
797 1187 919 1253 festum
942 1187 1057 1254 Sancti
1074 1187 1244 1253 Michaelis
1279 1209 1338 1252 sex
1362 1187 1521 1261 denarios,

469 1295 503 1354 et
525 1290 568 1355 ad
591 1290 716 1360 Pascha
738 1290 874 1356 Domini
905 1314 963 1357 sex
994 1292 1144 1358 denarios
1172 1314 1232 1378 pro
1264 1293 1354 1357 omni
1385 1291 1524 1356 servicio

469 1392 615 1470 seculari,
638 1395 809 1460 exactione
843 1398 878 1460 et
911 1395 1081 1460 demanda.
1130 1395 1200 1480 Ego
1231 1417 1309 1461 vero
1336 1393 1522 1459 Willelmus

468 1501 502 1559 et
524 1481 671 1560 heredes¹
693 1496 758 1560 mei
790 1495 880 1561 dicta
912 1501 1101 1562 tenemeuta
1130 1518 1206 1562 cum
1237 1496 1393 1562 omnibus
1417 1495 1519 1581 perti·

468 1595 592 1659 nentiis
625 1597 693 1660 suis
716 1595 814 1661 dictis
844 1596 958 1661 abbati
982 1602 1016 1661 et
1042 1598 1221 1663 conventui
1245 1600 1280 1662 et
1303 1618 1418 1662 eorum
1443 1617 1515 1662 suc-

469 1698 648 1763 cessoribus
671 1703 785 1764 eontra
807 1719 919 1763 omnes
942 1699 1096 1764 mortales
1119 1701 1365 1786 imperpetuum
1388 1720 1520 1764 waran-

468 1799 645 1865 tizabimus
679 1806 714 1864 et
745 1801 967 1866 defendemus.
1015 1802 1060 1867 Et
1094 1803 1122 1866 si
1156 1802 1310 1889 praedicti
1344 1803 1449 1868 abbas
1488 1807 1522 1867 et

467 1909 650 1968 conventus
674 1903 714 1967 de
736 1904 902 1988 praedictis
932 1907 1132 1970 tenementis
1164 1906 1363 1992 implacitati
1385 1905 1521 1981 fuerint,

469 2005 556 2088 quod
588 2027 628 2070 ee
658 2007 798 2070 retinere
829 2027 896 2071 nou
931 2007 1067 2092 possint,
1102 2012 1205 2073 cesset
1235 2011 1307 2073 tota
1345 2007 1519 2084 exhibitio,

467 2127 567 2191 quam
589 2129 647 2191 per
670 2113 793 2172 cartam
816 2129 928 2173 eorum
952 2111 1126 2174 annuatim
1160 2111 1326 2196 percipere
1350 2110 1516 2176 consuevi.

469 2207 513 2271 Et
536 2214 575 2272 ut
597 2205 668 2274 haec
701 2231 775 2274 mea
797 2209 931 2274 donatio
963 2216 996 2273 et
1026 2211 1190 2276 concessio
1221 2215 1304 2276 ratae
1326 2217 1361 2275 et
1384 2210 1521 2277 stabiles

467 2309 710 2396 imperpetuum
733 2317 955 2396 permaneant,
979 2311 1066 2377 hanc
1097 2319 1221 2378 cartam
1246 2313 1347 2398 sigilli
1372 2313 1438 2380 mei
1460 2313 1522 2377 im-

467 2413 633 2497 pressione
656 2413 820 2477 munitam
842 2412 906 2476 sibi
929 2413 1131 2479 confirmavi.

847 2646 926 2712 CAP.
952 2647 1131 2715 CCXLIX.

489 2784 628 2853 Feralis
673 2786 853 2853 comoedia
897 2786 989 2853 iuter
1035 2787 1185 2854 albatam
1228 2797 1258 2854 ct
1296 2797 1498 2856 wocardum

692 2889 944 2957 Mulmaelrurioe
968 2899 996 2956 et
1027 2891 1075 2956 W.
1099 2893 1129 2958 le
1151 2893 1280 2958 Portos.

513 3043 595 3110 Haec
617 3049 668 3108 est
689 3043 798 3109 finalis
821 3044 994 3110 concordia
1009 3045 1097 3111 facts
1119 3046 1263 3112 incuria
1285 3046 1411 3112 domini
1433 3047 1519 3133 regis
1558 3128 1562 3140 Ι

362 3166 368 3177 ·
466 3147 555 3232 apud
579 3145 737 3231 Wyltone
764 3146 799 3210 in
822 3147 948 3212 octabis
981 3146 1225 3213 Purificationis
1258 3146 1372 3214 Beetae
1395 3147 1518 3225 Mariae,

466 3270 553 3313 anno
575 3249 668 3335 regni
691 3249 777 3334 regis
801 3248 945 3324 Henriei,
966 3249 1027 3312 filii
1050 3250 1138 3335 regis
1160 3249 1333 3327 Johunnis,
1356 3251 1518 3336 quinqua-

465 3352 589 3438 gesimo
621 3350 771 3428 secunde,
796 3373 904 3416 coram
928 3349 1090 3416 Nicholao
1116 3352 1156 3417 de
1189 3352 1277 3428 Turi,
1309 3352 1454 3419 Henrico
1477 3352 1518 3418 de

468 3453 661 3518 Monteforti
696 3452 736 3518 de
771 3453 941 3539 Farnleye‚
967 3453 1125 3540 stragistro
1160 3453 1302 3519 Ricardo
1325 3453 1366 3518 de
1390 3453 1517 3530 Stanes,

436 3634 441 3651 ι
467 3560 501 3617 et
525 3554 668 3620 Henrico
696 3555 735 3620 de
759 3554 1035 3642 Wollampntone‚
1054 3556 1250 3640 justiciariis
1273 3555 1518 3636 itinerantibus,

467 3662 501 3720 et
532 3656 606 3722 eliis
641 3658 765 3722 domini
800 3658 886 3742 rogis
917 3657 1079 3734 fidelibus,
1102 3663 1183 3722 tunc
1213 3657 1259 3723 ibi
1291 3657 1517 3742 praesentibus,

466 3759 554 3824 inter
576 3757 780 3824 Willelmum
804 3759 961 3824 abbatem
984 3759 1025 3823 de
1050 3758 1286 3824 Malmesburia
1315 3764 1518 3844 quaerentem

465 3867 500 3926 et
515 3861 719 3928 Willelmum
734 3861 765 3926 le
788 3860 904 3926 Porter
918 3867 953 3926 et
967 3861 1152 3926 Dionisiam
1168 3881 1307 3927 uxorem
1322 3861 1394 3946 ejus
1409 3861 1518 3928 delor-

465 3966 599 4041 ciantes‚
622 3964 662 4030 de
686 3985 753 4029 uno
776 3964 943 4050 mesuagio
966 3985 1041 4028 cum
1074 3963 1284 4049 pertinentiis
1306 3963 1342 4026 in
1365 3962 1518 4028 Malmes-

465 4066 561 4131 buria
571 4091 579 4146 ;
609 4070 643 4130 et
667 4066 754 4130 unde
778 4065 939 4151 placitum
954 4065 1183 4130 conventionis
1199 4064 1436 4130 summonitum
1452 4064 1519 4130 fuit

464 4169 552 4234 inter
575 4191 629 4234 eos
652 4170 687 4234 in
711 4169 824 4234 eadem
848 4169 940 4233 curia
951 4192 959 4247 ;
989 4168 1122 4246 scilicet,
1145 4168 1235 4253 quod
1259 4167 1411 4253 pradicti
1434 4166 1517 4232 Wil-

463 4270 581 4336 lelmus
613 4277 647 4337 et
676 4271 828 4336 Dionisiu
861 4276 1123 4356 recognoverunt
1153 4269 1350 4355 praedictum
1385 4290 1513 4334 mesua·

463 4375 563 4460 gium‚
587 4395 661 4438 cum
691 4373 910 4460 pertinentiis,
935 4394 1005 4438 esse
1034 4373 1090 4457 jus
1123 4372 1227 4457 ipsius
1250 4371 1382 4436 abbatis
1405 4377 1441 4436 et
1463 4393 1515 4437 ec·

464 4477 570 4542 clesiae
594 4498 662 4541 suee
686 4475 801 4541 Sancti
824 4473 994 4539 Aldhelmi
1021 4475 1062 4539 de
1087 4473 1323 4538 Malmesburia
1335 4496 1344 4549 ;
1370 4471 1517 4538 utillud

464 4580 551 4664 quod
575 4580 662 4645 idem
686 4579 788 4645 abbas
823 4583 859 4642 et
881 4575 1018 4644 ecclesia
1041 4597 1102 4641 sua
1133 4574 1293 4662 praedicta
1326 4575 1453 4642 habent
1476 4576 1516 4640 de

464 4681 549 4747 dono
572 4683 717 4768 ipsorum
734 4680 893 4746 Willelmi
908 4684 943 4744 et
958 4679 1125 4744 Dionisiae.
1173 4677 1217 4742 Et
1239 4699 1299 4764 pro
1321 4677 1385 4743 hac
1407 4698 1517 4765 recog·

463 4785 599 4861 uitione,
621 4783 687 4848 fine
711 4787 745 4847 et
768 4781 941 4848 concordia
970 4780 1057 4845 idem
1088 4780 1190 4845 abbas
1216 4779 1377 4848 concessit
1399 4800 1460 4865 pro
1481 4801 1516 4846 se
