3566 5820
574 897 774 948 nnorsrnun
799 894 1121 944 ursunnsnuurnusn.
1221 951 1223 957 ,
1309 877 1371 946 175

323 1105 423 1150 unam
454 1104 560 1149 rosam
584 1084 627 1148 ad
650 1082 774 1148 festum
806 1080 920 1146 Sancti
951 1078 1114 1145 Johannis
1145 1079 1315 1165 Baptistae,
1340 1084 1375 1143 et

323 1185 549 1266 elemosinario
573 1185 630 1270 qui
661 1205 720 1270 pro
742 1189 890 1269 tempore
921 1181 1023 1247 fuerit
1053 1185 1195 1266 quatuor
1225 1181 1376 1246 denarios

323 1289 365 1354 ad
389 1288 508 1353 festum
533 1287 648 1352 Sancti
672 1285 850 1362 Michaelis
875 1305 933 1369 pro
957 1284 1045 1348 omni
1070 1284 1206 1349 servicio
1230 1283 1375 1360 seculari,

324 1391 494 1456 exactione
519 1394 553 1454 et
576 1389 746 1454 clamanda.
801 1385 864 1452 Pro
896 1386 958 1452 hac
989 1391 1101 1451 autem
1134 1386 1310 1450 donatione
1342 1390 1377 1449 et

324 1493 528 1557 concessione
552 1511 632 1566 mea,
648 1490 741 1556 dedit
760 1489 843 1552 mihi
866 1488 973 1554 dictus
990 1488 1172 1556 Edwardus
1188 1509 1256 1574 prae
1272 1489 1376 1552 mani-

324 1594 386 1658 bus
409 1600 477 1658 tres
503 1613 628 1659 marcas
651 1593 781 1678 argenti
804 1593 846 1658 ad
877 1613 987 1656 meum
1019 1612 1176 1677 magnum
1206 1589 1376 1674 negotium

325 1695 574 1782 expediendum.
644 1695 688 1758 Et
720 1717 780 1780 ego
814 1693 954 1758 Thomas
990 1699 1024 1758 et
1058 1693 1192 1758 heredes
1227 1693 1300 1769 mei,
1324 1693 1377 1757 vel

324 1797 482 1884 assignati
506 1798 581 1873 mei,
604 1797 797 1883 praedictum
829 1796 1041 1880 mesuagium,
1072 1795 1157 1860 siout
1183 1795 1377 1880 praedictum

326 1907 384 1976 est,
408 1921 483 1965 curn
514 1900 668 1964 omnibus
698 1898 767 1964 suis
789 1899 1009 1984 pertiuentiis,
1035 1898 1123 1963 dieto
1148 1897 1318 1974 Eduardo,
1344 1905 1379 1962 et

325 2001 502 2068 heredibus
524 2002 601 2079 suis,
625 2002 679 2066 vel
703 2001 878 2087 assignatis
909 2001 984 2077 suis,
1013 2005 1128 2066 contra
1150 2021 1262 2064 omnes
1293 2021 1378 2064 mor·

325 2106 409 2171 tales
431 2105 676 2191 imperpetuum
692 2103 990 2169 warantizabimus.
1038 2103 1082 2167 Et
1098 2108 1136 2166 ut
1150 2103 1221 2168 haec
1243 2102 1378 2168 donatio

327 2213 361 2273 et
384 2208 545 2272 concessio
567 2229 642 2272 mea
664 2206 895 2293 perpetuitatis
919 2207 1065 2291 vigorem
1088 2206 1124 2269 in
1147 2227 1181 2269 se
1197 2205 1377 2291 optineant

326 2309 412 2374 hanc
434 2315 630 2395 praesentem
663 2315 787 2375 cartam
811 2309 917 2374 eidem
950 2307 1114 2373 Eduardo
1146 2307 1216 2383 feci,
1239 2311 1274 2371 et
1305 2327 1378 2376 earn

328 2409 435 2500 sigillo
459 2433 531 2477 meo
554 2411 693 2497 signavi.

708 2695 787 2763 Onu.
812 2693 994 2762 OCOVIII.

363 2848 484 2931 Quieto
508 2849 700 2916 clamantia
722 2848 896 2916 Jolconnia
909 2848 988 2934 jila'e'
1010 2847 1171 2914 Na'clzoloa'
1193 2847 1347 2914 Pistoris.

375 3001 490 3067 Sciant
512 3007 689 3088 praesentes
712 3008 747 3068 et
768 3003 873 3068 futuri
896 3003 983 3087 quod
1008 3024 1067 3088 ego
1090 3002 1267 3082 Johannes,
1291 3002 1379 3066 filius
1391 3018 1409 3068 f.
1422 3022 1469 3068 aar
1479 3015 1502 3068 t.

330 3103 484 3169 Nicholai
516 3105 652 3170 Pistoris
686 3105 727 3170 de
760 3104 1001 3181 Malmesburia,
1024 3105 1135 3168 remisi
1169 3109 1203 3169 et
1230 3106 1379 3191 quietum
1391 3097 1542 3214 sssutiffim

330 3205 479 3283 clamavi,
503 3229 562 3292 pro
585 3229 638 3272 me
660 3211 695 3272 et
717 3207 892 3271 heredibus
923 3207 1004 3271 meis
1028 3213 1062 3272 et
1084 3207 1260 3294 assignatis
1290 3209 1380 3285 meis,
1392 3230 1547 3281 samehouse

331 3313 364 3372 et
386 3309 486 3374 etiam
517 3329 576 3394 pro
603 3314 676 3374 tota
707 3310 907 3374 successione
937 3330 1019 3385 mea,
1043 3307 1177 3373 Thomae
1208 3309 1238 3374 le
1261 3297 1549 3416 Rowerffofssssfflff

329 3410 495 3476 avunculo
517 3433 597 3488 meo,
621 3416 730 3476 totum
755 3411 812 3496 jus
835 3416 869 3476 et
892 3411 1055 3486 clamium,
1079 3417 1114 3475 et
1137 3414 1244 3474 totum
1276 3412 1380 3476 domi-

330 3513 422 3577 nium
439 3513 526 3597 quod
550 3513 652 3578 habui
668 3513 721 3578 vel
736 3513 847 3597 aliquo
869 3513 965 3577 modo
988 3511 1108 3577 habere
1131 3514 1225 3598 potui
1248 3514 1381 3578 nomine

330 3615 531 3690 hereditatis,
567 3615 620 3679 vel
659 3613 770 3700 aliquo
808 3613 873 3678 alio
912 3613 1017 3692 modo,
1041 3614 1077 3677 iu
1115 3613 1172 3678 illo
1206 3615 1381 3702 mesuagio,

331 3739 405 3782 cum
428 3716 582 3781 omnibus
613 3717 681 3782 suis
712 3717 930 3803 pertinentiis,
954 3717 1018 3781 sito
1044 3717 1080 3780 in
1111 3717 1269 3782 subrubio
1292 3717 1381 3784 villae

332 3817 573 3884 Malmesburiae
604 3819 640 3882 in
663 3818 877 3904 Westeporte,
900 3819 987 3883 inter
1014 3819 1147 3882 domum
1172 3819 1311 3884 Walteri
1341 3820 1381 3885 de

331 3921 364 3985 la
399 3921 532 3998 (lutere,
566 3926 600 3985 et
634 3921 768 3984 domum
803 3942 876 4004 quae
910 3919 976 3983 fuit
1014 3921 1191 4005 aliquando
1224 3921 1382 3986 Willelmi

331 4023 453 4088 Dibun.
499 4023 555 4088 Ita
570 4023 657 4108 quod
679 4043 741 4108 neo
756 4043 824 4107 ego,
839 4043 899 4088 nec
914 4021 1033 4107 aliquis
1056 4021 1213 4086 heredum
1237 4044 1382 4087 meorum

332 4125 385 4190 vel
416 4125 658 4210 assignatorum
691 4145 847 4199 meorum,
875 4122 928 4188 val
958 4123 1078 4208 aliquis
1111 4123 1151 4188 de
1181 4125 1383 4191 successione

331 4247 413 4302 mea,
444 4225 578 4310 aliquod
606 4225 662 4310 jus
686 4225 739 4289 vel
762 4224 925 4300 alermum,
948 4224 1002 4288 vel
1034 4223 1167 4308 aliquod
1199 4223 1383 4291 dominium

246 4404 249 4412 Ι
332 4329 369 4392 in
392 4327 550 4414 praedicto
572 4325 748 4413 mesuagio,
772 4325 826 4390 vel
849 4326 884 4389 in
907 4325 1020 4410 aliqua
1046 4326 1117 4411 ejus
1147 4335 1249 4412 parte,
1272 4327 1384 4415 aliquo

332 4437 479 4516 tempore
501 4427 597 4493 nobis
621 4427 793 4494 vendicare
816 4428 985 4513 possimus.
1033 4427 1077 4492 Et
1098 4428 1134 4492 in
1157 4431 1384 4495 testimonium

332 4531 432 4617 hujus
463 4529 664 4596 remissionis
697 4536 731 4594 et
762 4529 883 4615 quietae
915 4529 1100 4594 clamentiae
1132 4529 1193 4596 hoo
1224 4533 1384 4619 scriptum

334 4631 481 4700 eisdem1
504 4631 640 4697 Thomas
662 4631 734 4712 feci,
759 4636 793 4696 et
815 4630 924 4716 sigillo
948 4653 1021 4696 mco
1044 4631 1183 4718 signavi.

609 4763 629 4768 ...
638 4763 645 4767 .
650 4762 710 4768 -...-
717 4757 931 4768 ..ῥα-4*-
936 4759 1146 4768 *m*—

770 4803 780 4840 ¹
799 4802 840 4858 Sic
852 4805 877 4856 in
889 4805 948 4860 MS.
