3578 5808
432 839 476 906 40
686 859 885 910 reersremr
908 859 1232 912 mnumsoarnrsn

431 1044 557 1113 Pascha
572 1049 653 1116 duos
676 1049 731 1115 sol.
756 1055 791 1117 et
813 1056 954 1137 quatuor
977 1051 1048 1119 den.
1068 1059 1102 1118 et
1124 1053 1184 1131 ob.‚
1206 1052 1242 1117 in
1265 1052 1351 1117 festo
1370 1048 1484 1117 Sancti

431 1147 601 1217 Michaelis
624 1153 705 1219 duos
732 1153 788 1219 661
836 1153 998 1222 Praeterea
1031 1160 1065 1221 et
1087 1157 1128 1221 (16
1151 1161 1223 1222 tota
1246 1160 1334 1221 terra
1367 1153 1425 1219 illa
1447 1154 1483 1217 in

431 1249 639 1332 Credewelle,
671 1277 770 1342 quam
802 1259 926 1324 tradidi
958 1258 1141 1346 Reginaldo
1176 1259 1217 1324 de
1252 1256 1481 1344 Choellewrte

430 1351 557 1420 homini
580 1347 710 1424 abbatis
741 1359 781 1424 de
805 1359 1046 1439 Mnlmesburie,
1069 1382 1129 1448 pro
1153 1366 1295 1448 quatuor
1327 1359 1382 1425 sol.
1429 1358 1483 1422 Ita

429 1456 585 1525 videlicet
608 1461 697 1547 quod
719 1483 815 1528 omne
839 1463 1022 1528 dominium
1046 1469 1080 1530 et
1103 1485 1215 1530 omnes
1243 1463 1354 1529 exitus
1377 1461 1480 1528 totius

428 1562 601 1627 memorati
631 1561 732 1644 feudi,
756 1565 814 1651 qui
844 1587 897 1631 me
920 1566 974 1630 vel
1005 1565 1140 1632 heredes
1172 1588 1260 1633 meos
1292 1563 1481 1651 contingere

428 1668 562 1746 possent
583 1663 694 1752 aliquo
726 1672 880 1754 tempore,
906 1668 942 1732 in
964 1669 1138 1754 praedictos
1171 1669 1325 1735 abbatem
1348 1671 1480 1732 616611-

427 1771 566 1831 ventum
587 1769 721 1835 omnino
742 1770 985 1858 imperpetuum
1008 1778 1186 1838 transeant
1237 1771 1425 1858 Percipient
1446 1774 1482 1836 et

426 1866 515 1933 idem
537 1868 639 1938 abbes
662 1876 697 1937 et
719 1879 901 1940 conventus
922 1875 1096 1941 annuatim
1127 1875 1168 1940 de
1191 1873 1334 1941 Redulfo
1357 1873 1478 1940 vicario

427 1968 468 2035 de
495 1971 743 2054 Hanekintone
777 1975 831 2042 vel
869 1974 1054 2058 heredibus,
1095 1976 1150 2043 vel
1187 1974 1363 2064 assignatis
1401 1974 1478 2051 suis,

426 2091 530 2138 unum
552 2097 613 2161 par
634 2076 818 2158 calcarium,
840 2079 893 2145 vel
916 2081 998 2146 duos
1021 2079 1180 2159 denarios,
1203 2079 1239 2144 in
1261 2079 1348 2144 festo
1365 2075 1479 2144 Sancti

424 2173 601 2244 Aldhelmi.
647 2177 718 2244 Hos
750 2183 862 2246 autem
894 2181 1068 2268 paediam
1100 2181 1248 2248 redditus
1275 2186 1310 2247 et
1342 2179 1479 2246 servitiu

424 2278 575 2362 praedicti
597 2277 700 2346 abbas
730 2287 766 2349 61
794 2287 977 2350 conventus
1007 2265 1110 2350 libere
1133 2288 1168 2349 et
1190 2283 1310 2370 quiete,
1333 2303 1392 2369 pro
1423 2303 1476 2346 me

424 2384 458 2443 et
480 2379 653 2448 heredibus
676 2383 757 2449 meis
781 2384 1023 2472 imperpetuum
1047 2385 1218 2452 habebunt
1240 2389 1274 2450 et
1294 2383 1477 2471 percipient

424 2486 458 2546 et
480 2484 614 2568 pacifice
636 2486 871 2572 possidebunt;
900 2488 949 2554 ita
972 2488 1061 2576 quod
1090 2509 1151 2554 nec
1173 2509 1242 2574 ege,
1265 2507 1326 2552 nec
1355 2485 1475 2571 aliquis

422 2581 580 2651 heredum
603 2610 759 2667 meorum,
779 2590 857 2655 ullis
879 2590 1000 2656 futuris
1020 2590 1231 2677 temporibus
1250 2589 1286 2652 in
1308 2588 1474 2674 praedictis

421 2689 605 2756 redditibus
640 2697 674 2758 et
708 2693 855 2760 serviciis
892 2692 1020 2781 aliquid
1051 2693 1138 2780 juris
1171 2691 1266 2758 nobis
1300 2691 1474 2757 vendicare

420 2792 591 2877 possimus.
638 2793 683 2859 Et
705 2795 748 2862 ad
771 2795 927 2882 majorem
950 2795 1050 2882 hujus
1073 2796 1121 2862 rei
1143 2795 1353 2862 securitatem
1377 2794 1473 2859 tactis

421 2896 633 2962 saerosanctis
657 2899 693 2962 in
715 2898 813 2984 plena
835 2898 926 2965 curia
949 2897 1078 2964 abbatis
1096 2897 1211 2984 juravi
1235 2898 1322 2984 qnod
1344 2895 1473 2960 nullum

420 2997 663 3065 munimentum
693 3021 792 3087 penes
815 3023 867 3066 me
889 3001 1012 3067 retinui
1035 3001 1089 3066 vel
1119 3022 1218 3087 penes
1241 2999 1384 3085 aliquem
1407 3021 1473 3064 me-

420 3121 514 3166 orum
537 3101 625 3188 quod
651 3103 694 3168 ad
725 3107 959 3170 nocumentum
991 3103 1152 3169 dictorum
1187 3101 1318 3168 abbatis
1341 3106 1375 3166 et
1397 3121 1471 3166 con-

420 3210 541 3270 ventus
563 3226 714 3291 processu
745 3207 901 3292 temporis
924 3227 1022 3292 super
1051 3207 1123 3293 jem
1156 3205 1254 3271 dictis
1288 3203 1471 3269 redditibus

420 3313 455 3373 et
486 3309 631 3374 serviciis
662 3311 765 3396 possit
798 3311 920 3376 venire.
969 3309 1067 3376 Hanc
1100 3315 1212 3375 autem
1247 3308 1470 3374 venditionem

419 3431 535 3490 meam,
567 3411 653 3477 sicut
682 3413 874 3498 praescripta
904 3417 962 3490 est,
986 3433 1045 3498 ego
1069 3411 1253 3477 Willelmus
1276 3411 1317 3475 de
1347 3409 1469 3474 Bedes-

420 3511 503 3577 dene
525 3516 561 3577 et
581 3511 716 3580 heredes
738 3515 804 3580 mei
826 3514 924 3581 dictis
954 3514 1068 3580 abbati
1092 3519 1126 3580 et
1148 3511 1325 3581 conventui
1356 3516 1470 3578 contra

418 3637 530 3682 omnes
560 3615 708 3684 homines
740 3625 775 3686 et
803 3619 943 3685 feminas
970 3619 1213 3706 imperpetuum
1241 3615 1469 3684 warantizabi-

418 3740 498 3784 mus.
545 3719 589 3785 Et
615 3726 655 3786 ut
676 3721 747 3790 haeo
770 3743 844 3790 mea
866 3722 1017 3788 venditio
1048 3727 1083 3788 et
1105 3721 1277 3799 concessio,
1299 3724 1334 3786 et
1366 3719 1469 3785 totius

412 3819 499 3906 juris
521 3821 610 3908 quod
641 3823 744 3891 habui
774 3825 810 3890 in
833 3825 991 3912 pnedicto
1021 3824 1156 3891 redditu
1187 3829 1222 3890 et
1244 3823 1381 3890 servicio
1411 3843 1470 3907 pro

417 3929 527 3990 meet
552 3923 728 3992 heredibus
760 3927 842 3993 meis
863 3927 1037 4014 abjuratio,
1061 3927 1157 3993 firma
1179 3930 1214 3992 et
1235 3925 1364 3992 'stabilis
1395 3945 1468 4010 per-

415 4031 557 4106 maneat,
578 4027 665 4097 hanc
690 4034 815 4098 cartem
837 4030 885 4097 eis
908 4030 979 4110 1661,
1001 4035 1036 4096 61
1058 4029 1204 4118 sigillum
1235 4051 1345 4096 meum
1367 4049 1467 4115 eppo

414 4129 474 4198 sui.
521 4131 597 4199 Hiis
620 4132 853 4214 testibus'etc.

780 4377 860 4446 611».
884 4367 1104 4444 6111111111.

476 4526 580 4594 aaa
606 4526 704 4594 Pera
725 4527 766 4594 a
796 4529 965 4616 nopae
987 4527 1076 4596 acet
1100 4526 1144 4593 a
1166 4523 1283 4594 16616
1302 4527 1405 4612 paor.

241 4687 365 4741 (tentor
456 4673 570 4745 Sciant
609 4685 785 4766 praesentes
823 4685 858 4747 et
894 4681 1000 4746 futuri
1043 4679 1132 4766 quod
1169 4701 1229 4767 ego
1267 4679 1385 4745 Petrus
1423 4679 1465 4744 de

236 4757 349 4888 {3332ss
410 4780 596 4867 Hopecune,
635 4781 802 4848 Willelmo
841 4783 881 4848 de
919 4783 1112 4850 Redesdene
1150 4787 1289 4869 cogneto
1324 4802 1397 4848 meo
1430 4783 1465 4847 et
