3566 5820
600 907 798 958 unomruun
823 904 1145 956 mansrnsnuamusu.
1337 888 1401 962 173

348 1097 425 1164 liter
458 1097 546 1163 idem
577 1095 679 1164 abbas
713 1101 747 1162 et
774 1101 963 1174 conventus,
986 1117 1061 1166 oum
1084 1096 1191 1182 priore
1214 1102 1403 1175 memorato,

350 1200 437 1286 quod
470 1199 526 1265 ille
560 1220 670 1266 aereus
702 1220 800 1285 super
830 1197 956 1264 dietum
979 1197 1083 1263 altare
1105 1198 1227 1276 ardeat,
1251 1197 1321 1264 sine
1343 1197 1404 1264 ali·

350 1323 415 1388 qua
446 1301 645 1383 remotione;
675 1300 737 1379 vel,
773 1300 801 1366 si
834 1300 955 1385 aliquis
977 1300 1018 1365 de
1050 1301 1204 1386 parochia
1233 1299 1405 1378 malliam,l

350 1404 549 1474 vestimenta
570 1404 625 1472 rel
660 1403 811 1494 quaedam
841 1402 908 1470 alia
939 1405 982 1470 ad
1005 1403 1200 1490 praediolum
1223 1402 1326 1470 altare
1348 1425 1405 1470 ne·

350 1507 488 1576 cessaria
520 1508 560 1573 de
595 1505 769 1574 devotione
796 1505 981 1584 contulerit,
1005 1506 1157 1572 similiter
1179 1511 1407 1577 oonoesserunt

350 1609 438 1698 quod
472 1609 530 1675 illa
562 1609 605 1676 ad
628 1607 877 1678 deserviendum
910 1607 1015 1674 eidem
1039 1607 1137 1676 altari
1163 1609 1406 1696 imperpetuum

352 1717 552 1780 remaneant.
608 1709 650 1778 In
683 1711 777 1798 oujus
810 1712 857 1778 rei
889 1713 1116 1778 testimonium
1152 1711 1214 1780 hoo
1248 1713 1407 1800 seriptum

352 1813 547 1902 bipertitum
570 1813 658 1880 inter
680 1821 790 1902 partes
809 1815 995 1882 confectum
1019 1821 1077 1896 est,
1101 1821 1134 1882 et
1155 1817 1271 1906 sigillis
1293 1839 1407 1884 eorum

352 1918 542 1986 alternatim
566 1919 719 2008 appensis
741 1920 940 1986 roboratum.

767 2176 847 2244 One.
872 2177 995 2244 OOOV.

532 2327 638 2396 Certo
661 2325 831 2396 Edwardi
857 2327 885 2394 le
908 2328 1027 2417 Sooepu
1049 2330 1089 2397 do
1112 2331 1227 2398 Leoolo.

400 2478 516 2544 Sciant
546 2483 724 2564 prementes
757 2484 790 2543 et
820 2479 926 2544 futuri
957 2483 1045 2566 quod
1077 2505 1137 2568 ogo
1161 2484 1344 2552 Edwardus
1376 2489 1407 2554 le
1421 2503 1503 2554 Grant
1516 2503 1545 2554 ot

357 2581 480 2667 Sweyn
503 2582 544 2646 de
567 2581 671 2648 Laooo
694 2581 778 2658 dedi,
802 2585 953 2660 concessi,
977 2588 1010 2648 et
1041 2585 1103 2652 hae
1133 2591 1286 2672 prasenti
1318 2597 1408 2656 carta
1422 2579 1499 2620 '⁹⁰¹⁸'

358 2705 430 2750 mea
460 2683 661 2762 confirmavi,
692 2684 728 2748 in
762 2707 878 2770 puram
912 2692 946 2750 et
976 2692 1168 2773 perpetuam
1200 2691 1409 2758 elemosinam

358 2787 429 2853 Deo
459 2794 495 2852 et
525 2787 667 2851 ecelesiae
702 2786 792 2850 beati
830 2786 999 2852 Aldhelmi
1034 2790 1074 2853 de
1109 2791 1341 2873 Malmesbiria,
1377 2803 1411 2860 et

359 2889 492 2954 domino
515 2887 682 2953 ¹Willelmo
704 2888 828 2965 abbati,
850 2893 884 2953 et
907 2891 1075 2956 monachis
1102 2892 1225 2959 ibidem
1249 2895 1320 2962 Deo
1343 2921 1409 2964 ser-

358 2991 537 3068 vientibus,
568 2989 735 3055 redditum
765 3011 824 3056 sex
854 2991 1041 3071 solidorum,
1065 2997 1215 3062 terminis
1247 3003 1410 3067 consuetis

358 3093 652 3182 percipiendorum,
689 3094 728 3157 de
763 3115 830 3160 uno
865 3098 1034 3182 mesuagio
1072 3101 1161 3183 quod
1195 3101 1341 3189 Rogerus
1380 3106 1410 3172 le

359 3197 476 3262 Pestur
491 3197 532 3261 de
555 3217 607 3260 me
630 3199 722 3261 tenet
745 3196 938 3262 adfirmem
962 3198 1121 3264 feodalem
1145 3201 1181 3266 in
1196 3203 1409 3293 Wesleporte¹

363 3305 396 3366 et
427 3303 479 3365 est
513 3298 616 3362 situm
649 3299 737 3364 inter
755 3299 889 3363 domum
917 3299 1056 3365 Walteri
1089 3303 1130 3368 de
1162 3305 1195 3370 la
1221 3306 1352 3387 (lutere,
1377 3317 1411 3376 et

360 3402 496 3467 domum
532 3399 700 3488 quondam
735 3400 893 3466 Willelmi
929 3401 1050 3470 Dibun.
1122 3405 1275 3476 Gonoessi
1310 3413 1410 3480 etiam

360 3505 503 3570 saeristae
535 3503 701 3589 praedictae
736 3503 878 3570 eoelesioe
910 3505 951 3572 de
984 3506 1217 3578 Malmesburia
1250 3514 1412 3602 imperpe-

360 3613 465 3684 tuum,
493 3607 638 3693 quinque
669 3604 819 3670 denarios
850 3607 890 3671 de
923 3607 1037 3674 eodem
1069 3614 1236 3702 mesuagio
1258 3616 1295 3681 in
1326 3619 1412 3686 festo

361 3707 476 3774 Sancti
499 3706 669 3772 Michaelis
696 3708 868 3773 annuatim
900 3710 1133 3796 percipiendos,
1158 3720 1191 3780 ot
1214 3720 1342 3784 custodi
1365 3721 1411 3788 al.
1501 3713 1504 3718 “

361 3811 441 3878 turis
463 3811 576 3876 Baetae
593 3807 707 3873 Mariae
729 3810 764 3872 in
780 3810 914 3876 eeclesia
936 3813 1094 3897 praedicta
1115 3838 1217 3881 unum
1241 3821 1412 3890 denarium
1483 3849 1486 3854 ·

362 3919 402 3983 de
425 3917 539 3982 eodem
570 3916 737 4002 mesuagio
769 3916 911 3982 infesto
943 3917 1057 3985 Sancti
1085 3921 1253 3992 Aldhelmi
1286 3951 1411 3998 aunua-

362 4021 424 4085 tim
459 4019 714 4108 percipiendum.
783 4019 984 4085 Habendum
1019 4028 1053 4088 et
1087 4029 1266 4094 tenendum
1303 4039 1412 4100 totum

362 4121 556 4210 praedictum
588 4121 756 4188 redditum
790 4144 864 4188 eum
892 4124 1103 4210 pertinentiis
1137 4131 1213 4210 suis,
1247 4137 1413 4220 praedictis

363 4225 476 4292 abbati
500 4231 534 4289 et
556 4225 735 4290 conventui
758 4230 926 4292 eteorum
949 4231 1187 4297 suecessoribus
1210 4236 1281 4302 sine
1302 4239 1414 4326 aliqua

364 4327 587 4396 subtractione
609 4326 664 4392 vel
687 4325 916 4406 diminutione,
939 4329 1049 4408 libere,
1073 4333 1192 4418 quiete,
1216 4339 1297 4405 bene
1321 4347 1355 4406 et
1378 4343 1413 4408 in

363 4453 441 4520 paee
472 4429 724 4516 imperpetuum.
781 4429 827 4494 Et
857 4437 897 4496 ut
928 4431 998 4498 hoeo
1020 4435 1156 4503 donatio
1187 4443 1220 4504 et
1252 4445 1414 4510 concessio

364 4556 437 4600 mea
460 4531 555 4598 firma
578 4531 623 4597 sit
646 4537 680 4596 et
703 4531 841 4609 stabilis,
864 4533 950 4599 hane
972 4544 1096 4602 cartam
1123 4541 1221 4610 dictis
1243 4544 1356 4612 abbati
1381 4537 1415 4614 et

364 4635 543 4714 conventui
565 4632 636 4714 feei,
660 4639 694 4699 et
717 4656 788 4699 eam
812 4634 924 4722 sigillo
944 4659 1016 4704 meo
1040 4640 1178 4728 signavi.

715 4831 723 4864 ¹
741 4829 867 4900 molliam]
884 4835 991 4897 tuatlliai,
1003 4837 1061 4892 MS.
