<?xml version="1.0" encoding="UTF-8"?>
<!DOCTYPE html PUBLIC "-//W3C//DTD XHTML 1.0 Transitional//EN"
    "http://www.w3.org/TR/xhtml1/DTD/xhtml1-transitional.dtd">
<html xmlns="http://www.w3.org/1999/xhtml" xml:lang="en" lang="en">
 <head>
  <title>
</title>
<meta http-equiv="Content-Type" content="text/html;charset=utf-8" />
  <meta name='ocr-system' content='tesseract 3.04.00' />
  <meta name='ocr-capabilities' content='ocr_page ocr_carea ocr_par ocr_line ocrx_word'/>
</head>
<body>
  <div class='ocr_page' id='page_1' title='image "./registrummalmes00martgoog_0164.png"; bbox 0 0 3578 5808; ppageno 0'>
   <div class='ocr_carea' id='block_1_1' title="bbox 443 885 1240 950">
    <p class='ocr_par' dir='ltr' id='par_1_1' title="bbox 443 885 1240 950">
     <span class='ocr_line' id='line_1_1' title="bbox 443 885 1240 950; baseline -0.001 -1"><span class='ocrx_word' id='word_1_1' title='bbox 443 885 485 950; x_wconf 88' lang='lat'><strong>68</strong></span> <span class='ocrx_word' id='word_1_2' title='bbox 695 895 894 946; x_wconf 76' lang='lat' dir='ltr'><strong>accremari</strong></span> <span class='ocrx_word' id='word_1_3' title='bbox 917 895 1240 948; x_wconf 80' lang='lat' dir='ltr'><strong>uncunssuarsusa.</strong></span> 
     </span>
    </p>
   </div>
   <div class='ocr_carea' id='block_1_2' title="bbox 442 1089 1496 1486">
    <p class='ocr_par' dir='ltr' id='par_1_2' title="bbox 442 1089 1496 1486">
     <span class='ocr_line' id='line_1_2' title="bbox 442 1089 1495 1180; baseline 0 -23"><span class='ocrx_word' id='word_1_4' title='bbox 442 1113 501 1180; x_wconf 89' lang='lat' dir='ltr'><strong>per</strong></span> <span class='ocrx_word' id='word_1_5' title='bbox 530 1097 655 1158; x_wconf 87' lang='lat' dir='ltr'><strong>cartam</strong></span> <span class='ocrx_word' id='word_1_6' title='bbox 687 1095 833 1157; x_wconf 85' lang='lat' dir='ltr'><strong>nostram</strong></span> <span class='ocrx_word' id='word_1_7' title='bbox 864 1089 1085 1169; x_wconf 86' lang='lat' dir='ltr'><strong>confirmetur,</strong></span> <span class='ocrx_word' id='word_1_8' title='bbox 1107 1089 1285 1177; x_wconf 87' lang='lat' dir='ltr'><strong>praedictus</strong></span> <span class='ocrx_word' id='word_1_9' title='bbox 1314 1089 1397 1156; x_wconf 86' lang='lat' dir='ltr'><strong>Milo</strong></span> <span class='ocrx_word' id='word_1_10' title='bbox 1429 1095 1495 1157; x_wconf 85' lang='lat' dir='ltr'><strong>tres</strong></span> 
     </span>
     <span class='ocr_line' id='line_1_3' title="bbox 442 1193 1494 1281; baseline -0.002 -21"><span class='ocrx_word' id='word_1_11' title='bbox 442 1215 568 1261; x_wconf 85' lang='lat' dir='ltr'><strong>marcas</strong></span> <span class='ocrx_word' id='word_1_12' title='bbox 600 1193 730 1281; x_wconf 77' lang='lat' dir='ltr'><strong>argenti</strong></span> <span class='ocrx_word' id='word_1_13' title='bbox 765 1193 910 1260; x_wconf 89' lang='lat' dir='ltr'><strong>ecclesias</strong></span> <span class='ocrx_word' id='word_1_14' title='bbox 941 1197 1063 1259; x_wconf 85' lang='lat' dir='ltr'><strong>nostrae</strong></span> <span class='ocrx_word' id='word_1_15' title='bbox 1093 1193 1233 1280; x_wconf 84' lang='lat' dir='ltr'><strong>pacavit,</strong></span> <span class='ocrx_word' id='word_1_16' title='bbox 1265 1198 1300 1259; x_wconf 87' lang='lat' dir='ltr'><strong>et</strong></span> <span class='ocrx_word' id='word_1_17' title='bbox 1329 1194 1494 1281; x_wconf 80' lang='lat' dir='ltr'><strong>quoddam</strong></span> 
     </span>
     <span class='ocr_line' id='line_1_4' title="bbox 442 1295 1496 1385; baseline -0.002 -21"><span class='ocrx_word' id='word_1_18' title='bbox 442 1303 576 1385; x_wconf 90' lang='lat' dir='ltr'><strong>pratum</strong></span> <span class='ocrx_word' id='word_1_19' title='bbox 602 1296 730 1384; x_wconf 82' lang='lat' dir='ltr'><strong>[quod]</strong></span> <span class='ocrx_word' id='word_1_20' title='bbox 748 1295 936 1382; x_wconf 89' lang='lat' dir='ltr'><strong>appellatur</strong></span> <span class='ocrx_word' id='word_1_21' title='bbox 958 1295 1266 1384; x_wconf 86' lang='lat' dir='ltr'><strong>Primwaldesputh,</strong></span> <span class='ocrx_word' id='word_1_22' title='bbox 1291 1297 1379 1382; x_wconf 90' lang='lat' dir='ltr'><strong>quod</strong></span> <span class='ocrx_word' id='word_1_23' title='bbox 1401 1301 1496 1384; x_wconf 88' lang='lat' dir='ltr'><strong>pater</strong></span> 
     </span>
     <span class='ocr_line' id='line_1_5' title="bbox 443 1398 1496 1486; baseline -0.004 -20"><span class='ocrx_word' id='word_1_24' title='bbox 443 1421 522 1466; x_wconf 85' lang='lat' dir='ltr'><strong>suus</strong></span> <span class='ocrx_word' id='word_1_25' title='bbox 553 1399 645 1486; x_wconf 89' lang='lat' dir='ltr'><strong>prius</strong></span> <span class='ocrx_word' id='word_1_26' title='bbox 675 1399 818 1465; x_wconf 88' lang='lat' dir='ltr'><strong>ecclesiae</strong></span> <span class='ocrx_word' id='word_1_27' title='bbox 853 1403 973 1464; x_wconf 81' lang='lat' dir='ltr'><strong>nostrae</strong></span> <span class='ocrx_word' id='word_1_28' title='bbox 999 1399 1166 1478; x_wconf 88' lang='lat' dir='ltr'><strong>concessit,</strong></span> <span class='ocrx_word' id='word_1_29' title='bbox 1189 1398 1292 1478; x_wconf 87' lang='lat' dir='ltr'><strong>nobis,</strong></span> <span class='ocrx_word' id='word_1_30' title='bbox 1315 1419 1374 1485; x_wconf 91' lang='lat' dir='ltr'><strong>pro</strong></span> <span class='ocrx_word' id='word_1_31' title='bbox 1405 1421 1439 1463; x_wconf 87' lang='lat' dir='ltr'><strong>se</strong></span> <span class='ocrx_word' id='word_1_32' title='bbox 1461 1403 1496 1462; x_wconf 87' lang='lat' dir='ltr'><strong>et</strong></span> 
     </span>
    </p>
   </div>
   <div class='ocr_carea' id='block_1_3' title="bbox 443 1500 1495 1691">
    <p class='ocr_par' dir='ltr' id='par_1_3' title="bbox 443 1500 1495 1691">
     <span class='ocr_line' id='line_1_6' title="bbox 443 1500 1495 1589; baseline -0.002 -22"><span class='ocrx_word' id='word_1_33' title='bbox 443 1501 619 1568; x_wconf 87' lang='lat' dir='ltr'><strong>heredibus</strong></span> <span class='ocrx_word' id='word_1_34' title='bbox 649 1501 716 1566; x_wconf 89' lang='lat' dir='ltr'><strong>auis</strong></span> <span class='ocrx_word' id='word_1_35' title='bbox 739 1501 883 1566; x_wconf 90' lang='lat' dir='ltr'><strong>solutum</strong></span> <span class='ocrx_word' id='word_1_36' title='bbox 907 1506 941 1568; x_wconf 89' lang='lat' dir='ltr'><strong>et</strong></span> <span class='ocrx_word' id='word_1_37' title='bbox 964 1501 1123 1588; x_wconf 86' lang='lat' dir='ltr'><strong>quietum,</strong></span> <span class='ocrx_word' id='word_1_38' title='bbox 1154 1501 1397 1589; x_wconf 89' lang='lat' dir='ltr'><strong>imperpetuum</strong></span> <span class='ocrx_word' id='word_1_39' title='bbox 1421 1500 1495 1566; x_wconf 88' lang='lat' dir='ltr'><strong>reli·</strong></span> 
     </span>
     <span class='ocr_line' id='line_1_7' title="bbox 444 1603 904 1691; baseline 0.004 -22"><span class='ocrx_word' id='word_1_40' title='bbox 444 1606 526 1691; x_wconf 83' lang='lat' dir='ltr'><strong>quit</strong></span> <span class='ocrx_word' id='word_1_41' title='bbox 572 1603 649 1670; x_wconf 87' lang='lat' dir='ltr'><strong>Hiis</strong></span> <span class='ocrx_word' id='word_1_42' title='bbox 671 1603 820 1683; x_wconf 82' lang='lat' dir='ltr'><strong>testibus,</strong></span> <span class='ocrx_word' id='word_1_43' title='bbox 845 1607 904 1671; x_wconf 89' lang='lat' dir='ltr'><strong>etc.</strong></span> 
     </span>
    </p>
   </div>
   <div class='ocr_carea' id='block_1_4' title="bbox 855 1843 1095 1912">
    <p class='ocr_par' dir='ltr' id='par_1_4' title="bbox 855 1843 1095 1912">
     <span class='ocr_line' id='line_1_8' title="bbox 855 1843 1095 1912; baseline 0 0"><span class='ocrx_word' id='word_1_44' title='bbox 855 1845 935 1912; x_wconf 77' lang='lat' dir='ltr'><strong>Ona.</strong></span> <span class='ocrx_word' id='word_1_45' title='bbox 960 1843 1095 1912; x_wconf 83' lang='grc' dir='ltr'><strong>ΟΟΧΙΙ.</strong></span> 
     </span>
    </p>
   </div>
   <div class='ocr_carea' id='block_1_5' title="bbox 444 2003 1496 2202">
    <p class='ocr_par' dir='ltr' id='par_1_5' title="bbox 444 2003 1496 2202">
     <span class='ocr_line' id='line_1_9' title="bbox 444 2003 1496 2100; baseline -0.001 -19"><span class='ocrx_word' id='word_1_46' title='bbox 444 2014 494 2082; x_wconf 84' lang='lat' dir='ltr'><strong>Dc</strong></span> <span class='ocrx_word' id='word_1_47' title='bbox 523 2012 714 2080; x_wconf 68' lang='lat' dir='ltr'><em>redditibus</em></span> <span class='ocrx_word' id='word_1_48' title='bbox 736 2003 923 2099; x_wconf 77' lang='lat' dir='ltr'><strong>acciperetis</strong></span> <span class='ocrx_word' id='word_1_49' title='bbox 947 2011 1121 2080; x_wconf 75' lang='lat' dir='ltr'><strong>lancinari</strong></span> <span class='ocrx_word' id='word_1_50' title='bbox 1150 2014 1273 2100; x_wconf 73' lang='lat' dir='ltr'><strong>ccupat</strong></span> <span class='ocrx_word' id='word_1_51' title='bbox 1300 2013 1496 2082; x_wconf 75' lang='lat' dir='ltr'><strong>candelabri</strong></span> 
     </span>
     <span class='ocr_line' id='line_1_10' title="bbox 636 2115 1310 2202; baseline 0.003 -21"><span class='ocrx_word' id='word_1_52' title='bbox 636 2116 680 2182; x_wconf 82' lang='lat' dir='ltr'><strong>ira</strong></span> <span class='ocrx_word' id='word_1_53' title='bbox 701 2115 829 2202; x_wconf 79' lang='lat' dir='ltr'><strong>majore</strong></span> <span class='ocrx_word' id='word_1_54' title='bbox 852 2115 984 2182; x_wconf 69' lang='lat' dir='ltr'><strong>cabaa</strong></span> <span class='ocrx_word' id='word_1_55' title='bbox 1006 2115 1127 2183; x_wconf 82' lang='lat' dir='ltr'><strong>Sarwtc&#39;</strong></span> <span class='ocrx_word' id='word_1_56' title='bbox 1149 2115 1310 2183; x_wconf 82' lang='lat' dir='ltr'><strong>Aldetma&#39;.</strong></span> 
     </span>
    </p>
   </div>
   <div class='ocr_carea' id='block_1_6' title="bbox 276 2265 1540 4604">
    <p class='ocr_par' dir='ltr' id='par_1_6' title="bbox 276 2265 1540 4604">
     <span class='ocr_line' id='line_1_11' title="bbox 277 2265 1497 2356; baseline 0.002 -22"><span class='ocrx_word' id='word_1_57' title='bbox 277 2284 295 2335; x_wconf 80' lang='lat' dir='ltr'><strong>l.</strong></span> <span class='ocrx_word' id='word_1_58' title='bbox 309 2289 365 2336; x_wconf 79' lang='lat'>201.</span> <span class='ocrx_word' id='word_1_59' title='bbox 491 2268 665 2334; x_wconf 87' lang='lat' dir='ltr'><strong>Universis</strong></span> <span class='ocrx_word' id='word_1_60' title='bbox 688 2267 819 2332; x_wconf 84' lang='lat' dir='ltr'><strong>Sanctae</strong></span> <span class='ocrx_word' id='word_1_61' title='bbox 840 2267 956 2334; x_wconf 88' lang='lat' dir='ltr'><strong>matris</strong></span> <span class='ocrx_word' id='word_1_62' title='bbox 977 2265 1119 2334; x_wconf 89' lang='lat' dir='ltr'><strong>ecclesiae</strong></span> <span class='ocrx_word' id='word_1_63' title='bbox 1143 2269 1221 2334; x_wconf 87' lang='lat' dir='ltr'><strong>filiis</strong></span> <span class='ocrx_word' id='word_1_64' title='bbox 1244 2269 1287 2335; x_wconf 88' lang='lat' dir='ltr'><strong>ad</strong></span> <span class='ocrx_word' id='word_1_65' title='bbox 1309 2291 1390 2355; x_wconf 85' lang='lat' dir='ltr'><strong>quos</strong></span> <span class='ocrx_word' id='word_1_66' title='bbox 1413 2292 1497 2356; x_wconf 86' lang='lat' dir='ltr'><strong>prae·</strong></span> 
     </span>
     <span class='ocr_line' id='line_1_12' title="bbox 276 2362 1497 2494; baseline 0 -57"><span class='ocrx_word' id='word_1_67' title='bbox 276 2362 417 2494; x_wconf 46' lang='lat' dir='ltr'><strong>{gumi</strong></span> <span class='ocrx_word' id='word_1_68' title='bbox 445 2393 519 2438; x_wconf 86' lang='lat' dir='ltr'><strong>sens</strong></span> <span class='ocrx_word' id='word_1_69' title='bbox 544 2371 705 2457; x_wconf 85' lang='lat' dir='ltr'><strong>scriptum</strong></span> <span class='ocrx_word' id='word_1_70' title='bbox 731 2370 930 2455; x_wconf 88' lang='lat' dir='ltr'><strong>pervenerit,</strong></span> <span class='ocrx_word' id='word_1_71' title='bbox 954 2369 985 2434; x_wconf 80' lang='lat' dir='ltr'><strong>J.</strong></span> <span class='ocrx_word' id='word_1_72' title='bbox 1010 2368 1073 2435; x_wconf 91' lang='lat' dir='ltr'><strong>Dei</strong></span> <span class='ocrx_word' id='word_1_73' title='bbox 1096 2371 1205 2456; x_wconf 83' lang='lat' dir='ltr'><strong>gratia</strong></span> <span class='ocrx_word' id='word_1_74' title='bbox 1227 2372 1328 2438; x_wconf 89' lang='lat' dir='ltr'><strong>abbas</strong></span> <span class='ocrx_word' id='word_1_75' title='bbox 1344 2369 1497 2438; x_wconf 87' lang='lat' dir='ltr'><strong>Malmea-</strong></span> 
     </span>
     <span class='ocr_line' id='line_1_13' title="bbox 277 2471 1497 2558; baseline -0.005 -12"><span class='ocrx_word' id='word_1_76' title='bbox 277 2495 404 2547; x_wconf 75' lang='lat' dir='ltr'><strong>oandlain</strong></span> <span class='ocrx_word' id='word_1_77' title='bbox 445 2474 557 2552; x_wconf 82' lang='lat' dir='ltr'><strong>bariae,</strong></span> <span class='ocrx_word' id='word_1_78' title='bbox 582 2477 616 2539; x_wconf 89' lang='lat' dir='ltr'><strong>et</strong></span> <span class='ocrx_word' id='word_1_79' title='bbox 638 2472 786 2558; x_wconf 90' lang='lat' dir='ltr'><strong>ejusdem</strong></span> <span class='ocrx_word' id='word_1_80' title='bbox 811 2471 874 2538; x_wconf 92' lang='lat' dir='ltr'><strong>loci</strong></span> <span class='ocrx_word' id='word_1_81' title='bbox 898 2476 1089 2550; x_wconf 89' lang='lat' dir='ltr'><strong>conventus,</strong></span> <span class='ocrx_word' id='word_1_82' title='bbox 1113 2479 1272 2538; x_wconf 85' lang='lat' dir='ltr'><strong>aeternam</strong></span> <span class='ocrx_word' id='word_1_83' title='bbox 1295 2474 1331 2538; x_wconf 92' lang='lat' dir='ltr'><strong>in</strong></span> <span class='ocrx_word' id='word_1_84' title='bbox 1354 2473 1497 2540; x_wconf 89' lang='lat' dir='ltr'><strong>Domino</strong></span> 
     </span>
     <span class='ocr_line' id='line_1_14' title="bbox 277 2563 1497 2642; baseline -0.002 0"><span class='ocrx_word' id='word_1_85' title='bbox 277 2563 423 2629; x_wconf 75' lang='lat' dir='ltr'><strong>usabbey.</strong></span> <span class='ocrx_word' id='word_1_86' title='bbox 445 2576 594 2642; x_wconf 86' lang='lat' dir='ltr'><strong>salutem.</strong></span> <span class='ocrx_word' id='word_1_87' title='bbox 641 2573 783 2639; x_wconf 81' lang='lat' dir='ltr'>Noverit</span> <span class='ocrx_word' id='word_1_88' title='bbox 805 2573 1006 2639; x_wconf 69' lang='lat' dir='ltr'><strong>universitas</strong></span> <span class='ocrx_word' id='word_1_89' title='bbox 1028 2577 1140 2640; x_wconf 86' lang='lat' dir='ltr'><strong>vestra</strong></span> <span class='ocrx_word' id='word_1_90' title='bbox 1166 2595 1226 2640; x_wconf 89' lang='lat' dir='ltr'><strong>nos</strong></span> <span class='ocrx_word' id='word_1_91' title='bbox 1248 2575 1399 2640; x_wconf 86' lang='lat' dir='ltr'><strong>unanimi</strong></span> <span class='ocrx_word' id='word_1_92' title='bbox 1422 2597 1497 2642; x_wconf 92' lang='lat' dir='ltr'><strong>con-</strong></span> 
     </span>
     <span class='ocr_line' id='line_1_15' title="bbox 445 2675 1498 2763; baseline -0.002 -19"><span class='ocrx_word' id='word_1_93' title='bbox 445 2699 543 2744; x_wconf 89' lang='lat' dir='ltr'><strong>sensu</strong></span> <span class='ocrx_word' id='word_1_94' title='bbox 581 2681 616 2743; x_wconf 89' lang='lat' dir='ltr'><strong>et</strong></span> <span class='ocrx_word' id='word_1_95' title='bbox 645 2676 820 2742; x_wconf 82' lang='lat' dir='ltr'><strong>voluntate</strong></span> <span class='ocrx_word' id='word_1_96' title='bbox 857 2676 901 2742; x_wconf 84' lang='lat' dir='ltr'><strong>ad</strong></span> <span class='ocrx_word' id='word_1_97' title='bbox 938 2675 1137 2742; x_wconf 70' lang='lat' dir='ltr'><strong>instanciam</strong></span> <span class='ocrx_word' id='word_1_98' title='bbox 1175 2680 1210 2742; x_wconf 92' lang='lat' dir='ltr'><strong>et</strong></span> <span class='ocrx_word' id='word_1_99' title='bbox 1241 2697 1352 2763; x_wconf 78' lang='lat' dir='ltr'>preces</span> <span class='ocrx_word' id='word_1_100' title='bbox 1387 2677 1498 2744; x_wconf 89' lang='lat' dir='ltr'><strong>dilecti</strong></span> 
     </span>
     <span class='ocr_line' id='line_1_16' title="bbox 444 2776 1498 2865; baseline -0.003 -18"><span class='ocrx_word' id='word_1_101' title='bbox 444 2781 556 2847; x_wconf 86' lang='lat' dir='ltr'><strong>fratris</strong></span> <span class='ocrx_word' id='word_1_102' title='bbox 586 2779 691 2845; x_wconf 78' lang='lat' dir='ltr'><strong>nostri</strong></span> <span class='ocrx_word' id='word_1_103' title='bbox 724 2777 758 2844; x_wconf 87' lang='lat' dir='ltr'><strong>P.</strong></span> <span class='ocrx_word' id='word_1_104' title='bbox 790 2776 932 2844; x_wconf 89' lang='lat' dir='ltr'><strong>Pichard</strong></span> <span class='ocrx_word' id='word_1_105' title='bbox 962 2778 1164 2856; x_wconf 88' lang='lat' dir='ltr'><strong>concessisse,</strong></span> <span class='ocrx_word' id='word_1_106' title='bbox 1188 2783 1222 2844; x_wconf 89' lang='lat' dir='ltr'><strong>et</strong></span> <span class='ocrx_word' id='word_1_107' title='bbox 1251 2777 1313 2844; x_wconf 90' lang='lat' dir='ltr'><strong>hac</strong></span> <span class='ocrx_word' id='word_1_108' title='bbox 1343 2781 1498 2865; x_wconf 75' lang='lat' dir='ltr'><strong>praesenti</strong></span> 
     </span>
     <span class='ocr_line' id='line_1_17' title="bbox 445 2878 1498 2956; baseline -0.005 -6"><span class='ocrx_word' id='word_1_109' title='bbox 445 2887 537 2950; x_wconf 87' lang='lat' dir='ltr'><strong>carta</strong></span> <span class='ocrx_word' id='word_1_110' title='bbox 558 2887 672 2947; x_wconf 86' lang='lat' dir='ltr'><strong>nostra</strong></span> <span class='ocrx_word' id='word_1_111' title='bbox 697 2878 914 2956; x_wconf 85' lang='lat' dir='ltr'><strong>confirmasse,</strong></span> <span class='ocrx_word' id='word_1_112' title='bbox 936 2883 977 2944; x_wconf 90' lang='lat' dir='ltr'><strong>ut</strong></span> <span class='ocrx_word' id='word_1_113' title='bbox 999 2900 1115 2946; x_wconf 83' lang='lat' dir='ltr'><strong>coneus</strong></span> <span class='ocrx_word' id='word_1_114' title='bbox 1146 2879 1216 2945; x_wconf 89' lang='lat' dir='ltr'><strong>sive</strong></span> <span class='ocrx_word' id='word_1_115' title='bbox 1243 2879 1392 2946; x_wconf 89' lang='lat' dir='ltr'><strong>redditus</strong></span> <span class='ocrx_word' id='word_1_116' title='bbox 1422 2881 1498 2946; x_wconf 87' lang='lat' dir='ltr'><strong>sub-</strong></span> 
     </span>
     <span class='ocr_line' id='line_1_18' title="bbox 445 2980 1500 3071; baseline -0.002 -21"><span class='ocrx_word' id='word_1_117' title='bbox 445 2987 568 3071; x_wconf 83' lang='lat' dir='ltr'><strong>scripti,</strong></span> <span class='ocrx_word' id='word_1_118' title='bbox 585 2981 871 3069; x_wconf 77' lang='lat' dir='ltr'><strong>qui1venerabilis</strong></span> <span class='ocrx_word' id='word_1_119' title='bbox 891 2980 1063 3060; x_wconf 73' lang='lat' dir='ltr'><strong>lobannis,</strong></span> <span class='ocrx_word' id='word_1_120' title='bbox 1080 2981 1161 3048; x_wconf 91' lang='lat' dir='ltr'><strong>dicti</strong></span> <span class='ocrx_word' id='word_1_121' title='bbox 1183 2982 1312 3048; x_wconf 85' lang='lat' dir='ltr'><strong>abbatis</strong></span> <span class='ocrx_word' id='word_1_122' title='bbox 1336 2983 1500 3049; x_wconf 87' lang='lat' dir='ltr'><strong>industria</strong></span> 
     </span>
     <span class='ocr_line' id='line_1_19' title="bbox 446 3083 1498 3172; baseline -0.004 -18"><span class='ocrx_word' id='word_1_123' title='bbox 446 3087 588 3154; x_wconf 81' lang='lat' dir='ltr'><strong>ecclesiae</strong></span> <span class='ocrx_word' id='word_1_124' title='bbox 619 3091 741 3152; x_wconf 84' lang='lat' dir='ltr'><strong>nostrae</strong></span> <span class='ocrx_word' id='word_1_125' title='bbox 775 3084 994 3150; x_wconf 85' lang='lat' dir='ltr'><strong>dinoscuntur</strong></span> <span class='ocrx_word' id='word_1_126' title='bbox 1025 3083 1194 3170; x_wconf 73' lang='lat' dir='ltr'><strong>adquisiti</strong></span> <span class='ocrx_word' id='word_1_127' title='bbox 1226 3085 1347 3151; x_wconf 89' lang='lat' dir='ltr'><strong>cedant</strong></span> <span class='ocrx_word' id='word_1_128' title='bbox 1379 3086 1498 3172; x_wconf 88' lang='lat' dir='ltr'><strong>imper-</strong></span> 
     </span>
     <span class='ocr_line' id='line_1_20' title="bbox 444 3187 1540 3277; baseline -0.002 -21"><span class='ocrx_word' id='word_1_129' title='bbox 444 3196 584 3277; x_wconf 90' lang='lat' dir='ltr'><strong>petuum</strong></span> <span class='ocrx_word' id='word_1_130' title='bbox 607 3190 731 3274; x_wconf 86' lang='lat' dir='ltr'><strong>absque</strong></span> <span class='ocrx_word' id='word_1_131' title='bbox 753 3188 985 3264; x_wconf 78' lang='lat' dir='ltr'><strong>subtractione,</strong></span> <span class='ocrx_word' id='word_1_132' title='bbox 1010 3208 1068 3253; x_wconf 89' lang='lat' dir='ltr'><strong>seu</strong></span> <span class='ocrx_word' id='word_1_133' title='bbox 1091 3187 1311 3254; x_wconf 89' lang='lat' dir='ltr'><strong>diminutione</strong></span> <span class='ocrx_word' id='word_1_134' title='bbox 1329 3188 1447 3274; x_wconf 88' lang='lat' dir='ltr'><strong>aliqua,</strong></span> <span class='ocrx_word' id='word_1_135' title='bbox 1463 3190 1499 3254; x_wconf 92' lang='lat' dir='ltr'><strong>in</strong></span> <span class='ocrx_word' id='word_1_136' title='bbox 1536 3223 1540 3230; x_wconf 95' lang='lat'>·</span> 
     </span>
     <span class='ocr_line' id='line_1_21' title="bbox 445 3288 1499 3381; baseline -0.001 -23"><span class='ocrx_word' id='word_1_137' title='bbox 445 3315 526 3358; x_wconf 85' lang='lat' dir='ltr'><strong>usus</strong></span> <span class='ocrx_word' id='word_1_138' title='bbox 557 3311 723 3381; x_wconf 87' lang='lat' dir='ltr'><strong>cereorum</strong></span> <span class='ocrx_word' id='word_1_139' title='bbox 753 3289 866 3375; x_wconf 83' lang='lat' dir='ltr'><strong>magni</strong></span> <span class='ocrx_word' id='word_1_140' title='bbox 896 3288 1093 3367; x_wconf 80' lang='lat' dir='ltr'><strong>candelabri,</strong></span> <span class='ocrx_word' id='word_1_141' title='bbox 1117 3311 1226 3356; x_wconf 87' lang='lat' dir='ltr'><strong>coram</strong></span> <span class='ocrx_word' id='word_1_142' title='bbox 1256 3290 1379 3376; x_wconf 87' lang='lat' dir='ltr'><strong>majore</strong></span> <span class='ocrx_word' id='word_1_143' title='bbox 1402 3291 1499 3357; x_wconf 83' lang='lat' dir='ltr'><strong>altari</strong></span> 
     </span>
     <span class='ocr_line' id='line_1_22' title="bbox 446 3390 1500 3471; baseline -0.002 -11"><span class='ocrx_word' id='word_1_144' title='bbox 446 3400 559 3460; x_wconf 88' lang='lat' dir='ltr'><strong>nostro</strong></span> <span class='ocrx_word' id='word_1_145' title='bbox 590 3393 772 3471; x_wconf 88' lang='lat' dir='ltr'><strong>constituti,</strong></span> <span class='ocrx_word' id='word_1_146' title='bbox 796 3391 922 3459; x_wconf 87' lang='lat' dir='ltr'><strong>scilicet</strong></span> <span class='ocrx_word' id='word_1_147' title='bbox 951 3390 992 3457; x_wconf 92' lang='lat' dir='ltr'><strong>de</strong></span> <span class='ocrx_word' id='word_1_148' title='bbox 1023 3392 1119 3457; x_wconf 90' lang='lat' dir='ltr'><strong>domo</strong></span> <span class='ocrx_word' id='word_1_149' title='bbox 1143 3391 1282 3458; x_wconf 83' lang='lat' dir='ltr'><strong>Walteri</strong></span> <span class='ocrx_word' id='word_1_150' title='bbox 1312 3392 1433 3460; x_wconf 86' lang='lat' dir='ltr'><strong>Truble</strong></span> <span class='ocrx_word' id='word_1_151' title='bbox 1463 3397 1500 3458; x_wconf 90' lang='lat' dir='ltr'><strong>in</strong></span> 
     </span>
     <span class='ocr_line' id='line_1_23' title="bbox 448 3491 1502 3582; baseline 0.001 -20"><span class='ocrx_word' id='word_1_152' title='bbox 448 3497 636 3582; x_wconf 86' lang='lat' dir='ltr'><strong>Westeport</strong></span> <span class='ocrx_word' id='word_1_153' title='bbox 666 3496 698 3561; x_wconf 88' lang='lat' dir='ltr'><strong>ii.</strong></span> <span class='ocrx_word' id='word_1_154' title='bbox 722 3494 798 3575; x_wconf 89' lang='lat' dir='ltr'><strong>sol.;</strong></span> <span class='ocrx_word' id='word_1_155' title='bbox 824 3493 984 3560; x_wconf 90' lang='lat' dir='ltr'><strong>dedomo</strong></span> <span class='ocrx_word' id='word_1_156' title='bbox 1008 3491 1237 3560; x_wconf 62' lang='lat' dir='ltr'><strong>Richumide</strong></span> <span class='ocrx_word' id='word_1_157' title='bbox 1264 3495 1405 3561; x_wconf 87' lang='lat' dir='ltr'><strong>Broken’</strong></span> <span class='ocrx_word' id='word_1_158' title='bbox 1432 3497 1502 3563; x_wconf 86' lang='lat' dir='ltr'><strong>xvi.</strong></span> 
     </span>
     <span class='ocr_line' id='line_1_24' title="bbox 448 3597 1500 3684; baseline 0 -18"><span class='ocrx_word' id='word_1_159' title='bbox 448 3602 540 3680; x_wconf 79' lang='lat' dir='ltr'><strong>den,;</strong></span> <span class='ocrx_word' id='word_1_160' title='bbox 572 3599 613 3665; x_wconf 91' lang='lat' dir='ltr'><strong>de</strong></span> <span class='ocrx_word' id='word_1_161' title='bbox 641 3600 737 3665; x_wconf 92' lang='lat' dir='ltr'><strong>domo</strong></span> <span class='ocrx_word' id='word_1_162' title='bbox 761 3619 860 3684; x_wconf 90' lang='lat' dir='ltr'><strong>quam</strong></span> <span class='ocrx_word' id='word_1_163' title='bbox 884 3597 1027 3663; x_wconf 85' lang='lat' dir='ltr'><strong>Thomas</strong></span> <span class='ocrx_word' id='word_1_164' title='bbox 1057 3599 1309 3665; x_wconf 86' lang='lat' dir='ltr'><strong>aementerarius</strong></span> <span class='ocrx_word' id='word_1_165' title='bbox 1332 3599 1442 3666; x_wconf 91' lang='lat' dir='ltr'><strong>tenuit</strong></span> <span class='ocrx_word' id='word_1_166' title='bbox 1465 3601 1500 3666; x_wconf 93' lang='lat' dir='ltr'><strong>in</strong></span> 
     </span>
     <span class='ocr_line' id='line_1_25' title="bbox 448 3688 1500 3790; baseline 0.002 -22"><span class='ocrx_word' id='word_1_167' title='bbox 448 3703 636 3790; x_wconf 89' lang='lat' dir='ltr'><strong>Westeport</strong></span> <span class='ocrx_word' id='word_1_168' title='bbox 667 3701 713 3766; x_wconf 91' lang='lat' dir='ltr'><strong>iii.</strong></span> <span class='ocrx_word' id='word_1_169' title='bbox 737 3702 888 3767; x_wconf 87' lang='lat' dir='ltr'><strong>denarios</strong></span> <span class='ocrx_word' id='word_1_170' title='bbox 922 3688 957 3766; x_wconf 86' lang='lat' dir='ltr'><strong>et</strong></span> <span class='ocrx_word' id='word_1_171' title='bbox 988 3702 1038 3766; x_wconf 95' lang='lat' dir='ltr'><strong>ob.</strong></span> <span class='ocrx_word' id='word_1_172' title='bbox 1050 3726 1058 3783; x_wconf 92' lang='lat'>;</span> <span class='ocrx_word' id='word_1_173' title='bbox 1088 3707 1123 3767; x_wconf 87' lang='lat' dir='ltr'><strong>et</strong></span> <span class='ocrx_word' id='word_1_174' title='bbox 1152 3703 1370 3770; x_wconf 84' lang='lat' dir='ltr'><strong>marescaucia</strong></span> <span class='ocrx_word' id='word_1_175' title='bbox 1401 3725 1500 3790; x_wconf 85' lang='lat' dir='ltr'><strong>quam</strong></span> 
     </span>
     <span class='ocr_line' id='line_1_26' title="bbox 449 3804 1499 3892; baseline -0.001 -21"><span class='ocrx_word' id='word_1_176' title='bbox 449 3805 613 3871; x_wconf 86' lang='lat' dir='ltr'><strong>Henricus</strong></span> <span class='ocrx_word' id='word_1_177' title='bbox 652 3804 759 3869; x_wconf 83' lang='lat' dir='ltr'><strong>Faber</strong></span> <span class='ocrx_word' id='word_1_178' title='bbox 789 3804 900 3871; x_wconf 88' lang='lat' dir='ltr'><strong>tenuit</strong></span> <span class='ocrx_word' id='word_1_179' title='bbox 928 3809 1025 3870; x_wconf 84' lang='lat' dir='ltr'><strong>extra</strong></span> <span class='ocrx_word' id='word_1_180' title='bbox 1061 3808 1191 3892; x_wconf 87' lang='lat' dir='ltr'><strong>portam</strong></span> <span class='ocrx_word' id='word_1_181' title='bbox 1225 3827 1339 3871; x_wconf 87' lang='lat' dir='ltr'><strong>versus</strong></span> <span class='ocrx_word' id='word_1_182' title='bbox 1373 3812 1499 3892; x_wconf 85' lang='lat' dir='ltr'><strong>partem</strong></span> 
     </span>
     <span class='ocr_line' id='line_1_27' title="bbox 449 3905 1499 3993; baseline -0.001 -20"><span class='ocrx_word' id='word_1_183' title='bbox 449 3906 682 3973; x_wconf 87' lang='lat' dir='ltr'><strong>occidentalem</strong></span> <span class='ocrx_word' id='word_1_184' title='bbox 704 3907 748 3971; x_wconf 88' lang='lat' dir='ltr'><strong>vi.</strong></span> <span class='ocrx_word' id='word_1_185' title='bbox 773 3907 867 3986; x_wconf 91' lang='lat' dir='ltr'><strong>den.;</strong></span> <span class='ocrx_word' id='word_1_186' title='bbox 896 3907 1111 3993; x_wconf 90' lang='lat' dir='ltr'><strong>quiquidem</strong></span> <span class='ocrx_word' id='word_1_187' title='bbox 1137 3908 1287 3974; x_wconf 87' lang='lat' dir='ltr'><strong>redditus</strong></span> <span class='ocrx_word' id='word_1_188' title='bbox 1313 3909 1355 3973; x_wconf 86' lang='lat' dir='ltr'><strong>ad</strong></span> <span class='ocrx_word' id='word_1_189' title='bbox 1379 3905 1499 3974; x_wconf 86' lang='lat' dir='ltr'><strong>fe&#39;stum</strong></span> 
     </span>
     <span class='ocr_line' id='line_1_28' title="bbox 450 4008 1498 4096; baseline 0.001 -22"><span class='ocrx_word' id='word_1_190' title='bbox 450 4009 564 4076; x_wconf 87' lang='lat' dir='ltr'><strong>Sancti</strong></span> <span class='ocrx_word' id='word_1_191' title='bbox 587 4008 758 4073; x_wconf 88' lang='lat' dir='ltr'><strong>Aldhelmi</strong></span> <span class='ocrx_word' id='word_1_192' title='bbox 784 4009 986 4096; x_wconf 89' lang='lat' dir='ltr'><strong>percipiendi</strong></span> <span class='ocrx_word' id='word_1_193' title='bbox 1009 4014 1096 4074; x_wconf 90' lang='lat' dir='ltr'><strong>sunt.</strong></span> <span class='ocrx_word' id='word_1_194' title='bbox 1151 4009 1195 4074; x_wconf 89' lang='lat' dir='ltr'><strong>Et</strong></span> <span class='ocrx_word' id='word_1_195' title='bbox 1218 4009 1258 4074; x_wconf 89' lang='lat' dir='ltr'><strong>de</strong></span> <span class='ocrx_word' id='word_1_196' title='bbox 1281 4010 1378 4076; x_wconf 91' lang='lat' dir='ltr'><strong>domo</strong></span> <span class='ocrx_word' id='word_1_197' title='bbox 1401 4031 1498 4096; x_wconf 87' lang='lat' dir='ltr'><strong>quam</strong></span> 
     </span>
     <span class='ocr_line' id='line_1_29' title="bbox 448 4109 1500 4196; baseline 0.002 -20"><span class='ocrx_word' id='word_1_198' title='bbox 448 4111 590 4178; x_wconf 78' lang='lat' dir='ltr'><strong>Thomas</strong></span> <span class='ocrx_word' id='word_1_199' title='bbox 617 4110 758 4177; x_wconf 86' lang='lat' dir='ltr'><strong>Pichard</strong></span> <span class='ocrx_word' id='word_1_200' title='bbox 784 4113 896 4177; x_wconf 88' lang='lat' dir='ltr'><strong>tenuit</strong></span> <span class='ocrx_word' id='word_1_201' title='bbox 925 4113 961 4175; x_wconf 90' lang='lat' dir='ltr'><strong>in</strong></span> <span class='ocrx_word' id='word_1_202' title='bbox 988 4109 1177 4196; x_wconf 86' lang='lat' dir='ltr'><strong>Westeport</strong></span> <span class='ocrx_word' id='word_1_203' title='bbox 1198 4112 1234 4175; x_wconf 90' lang='lat' dir='ltr'><strong>ii.</strong></span> <span class='ocrx_word' id='word_1_204' title='bbox 1266 4112 1330 4191; x_wconf 87' lang='lat' dir='ltr'><strong>sol,</strong></span> <span class='ocrx_word' id='word_1_205' title='bbox 1355 4111 1397 4177; x_wconf 85' lang='lat' dir='ltr'><strong>ad</strong></span> <span class='ocrx_word' id='word_1_206' title='bbox 1420 4112 1500 4178; x_wconf 88' lang='lat' dir='ltr'><strong>duos</strong></span> 
     </span>
     <span class='ocr_line' id='line_1_30' title="bbox 448 4211 1500 4299; baseline -0.001 -20"><span class='ocrx_word' id='word_1_207' title='bbox 448 4215 606 4280; x_wconf 89' lang='lat' dir='ltr'><strong>terminos</strong></span> <span class='ocrx_word' id='word_1_208' title='bbox 644 4214 724 4279; x_wconf 90' lang='lat' dir='ltr'><strong>anni</strong></span> <span class='ocrx_word' id='word_1_209' title='bbox 754 4211 979 4299; x_wconf 87' lang='lat' dir='ltr'><strong>percipiendi:</strong></span> <span class='ocrx_word' id='word_1_210' title='bbox 1011 4211 1143 4290; x_wconf 90' lang='lat' dir='ltr'><strong>scilicet,</strong></span> <span class='ocrx_word' id='word_1_211' title='bbox 1166 4213 1209 4277; x_wconf 90' lang='lat' dir='ltr'><strong>ad</strong></span> <span class='ocrx_word' id='word_1_212' title='bbox 1236 4213 1358 4278; x_wconf 86' lang='lat' dir='ltr'><strong>festum</strong></span> <span class='ocrx_word' id='word_1_213' title='bbox 1385 4213 1500 4280; x_wconf 86' lang='lat' dir='ltr'><strong>Sancti</strong></span> 
     </span>
     <span class='ocr_line' id='line_1_31' title="bbox 450 4313 1498 4392; baseline 0 -12"><span class='ocrx_word' id='word_1_214' title='bbox 450 4315 619 4380; x_wconf 83' lang='lat' dir='ltr'><strong>Aldhelmi</strong></span> <span class='ocrx_word' id='word_1_215' title='bbox 650 4315 706 4379; x_wconf 90' lang='lat' dir='ltr'><strong>xii.</strong></span> <span class='ocrx_word' id='word_1_216' title='bbox 732 4315 814 4392; x_wconf 89' lang='lat' dir='ltr'><strong>den,</strong></span> <span class='ocrx_word' id='word_1_217' title='bbox 836 4319 871 4378; x_wconf 89' lang='lat' dir='ltr'><strong>et</strong></span> <span class='ocrx_word' id='word_1_218' title='bbox 893 4315 935 4378; x_wconf 89' lang='lat' dir='ltr'><strong>ad</strong></span> <span class='ocrx_word' id='word_1_219' title='bbox 963 4313 1083 4378; x_wconf 85' lang='lat' dir='ltr'><strong>festum</strong></span> <span class='ocrx_word' id='word_1_220' title='bbox 1108 4313 1222 4378; x_wconf 86' lang='lat' dir='ltr'><strong>Sancti</strong></span> <span class='ocrx_word' id='word_1_221' title='bbox 1249 4314 1419 4381; x_wconf 86' lang='lat' dir='ltr'><strong>Michaelis</strong></span> <span class='ocrx_word' id='word_1_222' title='bbox 1442 4317 1498 4380; x_wconf 90' lang='lat' dir='ltr'><strong>xii.</strong></span> 
     </span>
     <span class='ocr_line' id='line_1_32' title="bbox 449 4415 1497 4484; baseline 0.001 -2"><span class='ocrx_word' id='word_1_223' title='bbox 449 4418 523 4482; x_wconf 91' lang='lat' dir='ltr'><strong>den.</strong></span> <span class='ocrx_word' id='word_1_224' title='bbox 583 4415 637 4481; x_wconf 90' lang='lat' dir='ltr'><strong>Ad</strong></span> <span class='ocrx_word' id='word_1_225' title='bbox 671 4415 733 4481; x_wconf 93' lang='lat' dir='ltr'><strong>hoc</strong></span> <span class='ocrx_word' id='word_1_226' title='bbox 765 4417 865 4481; x_wconf 90' lang='lat' dir='ltr'><strong>etiam</strong></span> <span class='ocrx_word' id='word_1_227' title='bbox 900 4416 1051 4482; x_wconf 89' lang='lat' dir='ltr'><strong>concordi</strong></span> <span class='ocrx_word' id='word_1_228' title='bbox 1087 4417 1308 4482; x_wconf 88' lang='lat' dir='ltr'><strong>unanimitate</strong></span> <span class='ocrx_word' id='word_1_229' title='bbox 1341 4420 1497 4484; x_wconf 84' lang='lat' dir='ltr'><strong>concessi·</strong></span> 
     </span>
     <span class='ocr_line' id='line_1_33' title="bbox 449 4517 1498 4604; baseline 0.004 -22"><span class='ocrx_word' id='word_1_230' title='bbox 449 4539 523 4583; x_wconf 91' lang='lat' dir='ltr'><strong>mus</strong></span> <span class='ocrx_word' id='word_1_231' title='bbox 549 4523 589 4582; x_wconf 90' lang='lat' dir='ltr'><strong>ut</strong></span> <span class='ocrx_word' id='word_1_232' title='bbox 610 4517 761 4604; x_wconf 84' lang='lat' dir='ltr'><strong>praedicti</strong></span> <span class='ocrx_word' id='word_1_233' title='bbox 781 4517 929 4583; x_wconf 89' lang='lat' dir='ltr'><strong>redditus</strong></span> <span class='ocrx_word' id='word_1_234' title='bbox 952 4539 1011 4604; x_wconf 87' lang='lat' dir='ltr'><strong>per</strong></span> <span class='ocrx_word' id='word_1_235' title='bbox 1024 4517 1168 4603; x_wconf 86' lang='lat' dir='ltr'><strong>aliquem</strong></span> <span class='ocrx_word' id='word_1_236' title='bbox 1192 4518 1326 4584; x_wconf 87' lang='lat' dir='ltr'><strong>fratrom</strong></span> <span class='ocrx_word' id='word_1_237' title='bbox 1349 4526 1498 4586; x_wconf 87' lang='lat' dir='ltr'><strong>nostrum</strong></span> 
     </span>
    </p>
   </div>
   <div class='ocr_carea' id='block_1_7' title="bbox 448 4619 1575 4708">
    <p class='ocr_par' dir='ltr' id='par_1_7' title="bbox 448 4619 1575 4708">
     <span class='ocr_line' id='line_1_34' title="bbox 448 4619 1575 4708; baseline 0.004 -24"><span class='ocrx_word' id='word_1_238' title='bbox 448 4621 491 4684; x_wconf 86' lang='lat' dir='ltr'><strong>ad</strong></span> <span class='ocrx_word' id='word_1_239' title='bbox 521 4620 584 4688; x_wconf 91' lang='lat' dir='ltr'><strong>hoc</strong></span> <span class='ocrx_word' id='word_1_240' title='bbox 613 4619 796 4706; x_wconf 86' lang='lat' dir='ltr'><strong>specialiter</strong></span> <span class='ocrx_word' id='word_1_241' title='bbox 822 4620 1018 4705; x_wconf 87' lang='lat' dir='ltr'><strong>deputatum</strong></span> <span class='ocrx_word' id='word_1_242' title='bbox 1049 4621 1292 4708; x_wconf 75' lang='lat' dir='ltr'><strong>imperpetuum</strong></span> <span class='ocrx_word' id='word_1_243' title='bbox 1326 4625 1498 4689; x_wconf 88' lang='lat' dir='ltr'><strong>annuatim</strong></span> <span class='ocrx_word' id='word_1_244' title='bbox 1564 4639 1575 4649; x_wconf 87' lang='grc'><em>“</em></span> 
     </span>
    </p>
   </div>
   <div class='ocr_carea' id='block_1_8' title="bbox 483 4837 1100 4904">
    <p class='ocr_par' dir='ltr' id='par_1_8' title="bbox 483 4837 1100 4904">
     <span class='ocr_line' id='line_1_35' title="bbox 483 4837 1100 4904; baseline 0 -15"><span class='ocrx_word' id='word_1_245' title='bbox 483 4839 492 4871; x_wconf 81' lang='lat'>¹</span> <span class='ocrx_word' id='word_1_246' title='bbox 509 4853 573 4904; x_wconf 73' lang='lat' dir='ltr'><strong>quse,</strong></span> <span class='ocrx_word' id='word_1_247' title='bbox 585 4838 640 4890; x_wconf 85' lang='lat' dir='ltr'><strong>Ms.</strong></span> <span class='ocrx_word' id='word_1_248' title='bbox 969 4837 974 4885; x_wconf 94' lang='lat' dir='ltr'><strong>l</strong></span> <span class='ocrx_word' id='word_1_249' title='bbox 1021 4838 1031 4872; x_wconf 82' lang='lat'><strong>²</strong></span> <span class='ocrx_word' id='word_1_250' title='bbox 1049 4838 1100 4891; x_wconf 89' lang='lat' dir='ltr'><strong>Sic.</strong></span> 
     </span>
    </p>
   </div>
   <div class='ocr_carea' id='block_1_9' title="bbox 0 0 1806 5808">
    <p class='ocr_par' dir='ltr' id='par_1_9' title="bbox 0 0 1806 5808">
     <span class='ocr_line' id='line_1_36' title="bbox 0 0 1806 5808; baseline 0 0"><span class='ocrx_word' id='word_1_251' title='bbox 0 0 1806 5808; x_wconf 95' lang='lat' dir='ltr'><strong> </strong></span> 
     </span>
    </p>
   </div>
  </div>
 </body>
</html>
