3526 5810
433 883 497 948 282
684 897 881 949 nnorsreun
905 893 1227 948 umnrsaumnusn.
1286 863 1290 870 ’

814 1195 892 1259 Cur.
918 1191 1098 1258 COCCIII.

449 1346 640 1412 Concordia
662 1347 755 1412 tuter
778 1345 929 1413 abbatem
952 1343 1204 1410 Mctmeebarioe
1225 1351 1255 1408 et
1276 1343 1459 1409 liebertum

609 1449 735 1536 filiam
757 1449 909 1534 Pupooi,
932 1447 1118 1514 dominam
1140 1446 1180 1512 de
1202 1446 1289 1511 Pele.

263 1609 411 1688 Setuenent
475 1601 641 1666 Noverint
673 1602 819 1666 universi
853 1601 942 1686 quod
974 1622 1049 1665 eum
1072 1601 1240 1665 eontentio
1275 1605 1365 1664 mota
1396 1604 1482 1664 esset

261 1675 320 1804 ξξξζ
328 1677 409 1792 {¹153OE
429 1703 517 1767 mer
550 1703 720 1768 dominum
752 1701 956 1767 willelmum
986 1702 1140 1766 ethaam
1174 1701 1423 1778 ualmaeburiae,
1447 1706 1482 1766 ee

260 1805 416 1860 Ferreum.
429 1805 574 1889 ejusdem
600 1805 662 1870 loci
695 1809 905 1881 conventum,
928 1826 971 1868 ex
1001 1809 1096 1890 parte
1131 1825 1206 1880 una,
1229 1810 1264 1868 et
1297 1804 1479 1869 Robertum

429 1906 535 1971 filium
566 1907 699 1993 Fugam,
723 1905 894 1971 dominum
917 1906 958 1970 de
982 1905 1068 1985 Pole‚
1092 1927 1134 1969 ex
1157 1905 1268 1981 altera,
1293 1927 1391 1990 super
1423 1925 1480 1990 ap·

429 2009 651 2094 propriatione
674 2008 735 2073 soli
762 2009 852 2073 illius
875 2029 976 2073 morae
1003 2028 1077 2092 quae
1112 2011 1251 2072 vocatur
1273 2006 1480 2084 Ferremorc;

428 2111 562 2176 tandem
585 2133 627 2175 ex
651 2111 866 2176 discretorum
889 2111 1036 2174 virorum
1071 2109 1215 2186 coneilio,
1239 2131 1306 2194 pax
1330 2110 1365 2172 in
1391 2108 1480 2173 huno

428 2213 563 2278 modum
585 2213 763 2278 reformata
785 2219 842 2278 est.
891 2211 1064 2288 Videlicet,
1088 2212 1176 2298 quod
1200 2211 1351 2297 praedicti
1377 2209 1480 2276 abbas

428 2321 463 2379 et
485 2321 676 2392 conventuS,
692 2337 751 2401 pro
774 2321 859 2380 sect
882 2313 1120 2381 suecessoribus
1143 2313 1211 2378 suis
1234 2319 1269 2378 et
1291 2313 1480 2378 hominibus

428 2418 496 2482 suis
519 2418 559 2483 de
583 2417 735 2494 Ewelme,
759 2423 793 2482 et
825 2417 1004 2502 praedietus
1028 2417 1193 2482 Robertue
1216 2437 1275 2501 pro
1298 2439 1332 2480 se
1355 2419 1391 2480 et
1421 2414 1477 2479 he·

428 2519 562 2584 redibus
585 2524 619 2582 et
641 2519 817 2604 assignatis
840 2518 918 2594 suis,
942 2523 976 2582 et
998 2518 1100 2580 etiam
1134 2516 1324 2582 hominibus
1347 2519 1416 2582 ouis
1438 2517 1479 2580 de

428 2620 513 2698 Pole,
537 2625 766 2686 concesserunt
793 2620 882 2706 quod
914 2619 1020 2684 solum
1053 2619 1220 2705 praedietae
1252 2642 1353 2686 morae
1374 2641 1396 2684 a
1418 2620 1481 2684 fos-

428 2727 500 2788 sato
523 2728 619 2788 terrae
641 2723 683 2787 de
706 2722 784 2788 Pole
803 2743 907 2807 usque
930 2723 972 2786 ad
996 2723 1060 2787 iter
1080 2715 1208 2807 regium
1232 2721 1320 2806 quod
1342 2727 1480 2787 vocatur

429 2825 548 2902 Strete‚
586 2847 644 2911 per
673 2825 802 2888 bundas
837 2829 872 2888 et
910 2823 1034 2888 divisas
1073 2845 1131 2909 per
1175 2823 1263 2888 viros
1298 2825 1479 2911 fidedignos

428 2927 600 3013 aequaliter
622 2928 658 2990 in
684 2927 767 2992 duas
799 2933 910 3011 partes
944 2925 1124 3002 dividatur,
1148 2931 1183 2990 et
1217 2926 1276 2991 illa
1300 2948 1384 3012 ‚pars
1419 2925 1481 2990 soli

427 3029 596 3116 predicte,
619 3050 718 3094 morae
753 3051 828 3113 quae
855 3028 947 3113 jacet
980 3051 1094 3094 versus
1117 3029 1276 3093 orientem
1300 3035 1335 3093 et
1367 3049 1480 3094 versun

428 3132 562 3198 domum
586 3131 744 3196 Willelmi
776 3131 930 3208 Vincent,
953 3131 1122 3217 praedictis
1145 3131 1259 3196 abbati
1282 3137 1317 3196 et
1339 3153 1481 3197 conven-

427 3236 478 3299 tui
502 3241 537 3300 et
559 3257 671 3300 eorum
693 3235 942 3310 suecessoribua
965 3240 1001 3298 et
1022 3233 1123 3298 etiam
1154 3233 1345 3298 hominibus
1368 3257 1478 3300 eorum

427 3338 468 3402 de
492 3338 646 3418 Ewelme,
670 3337 785 3422 quieta
817 3341 853 3400 et
886 3337 995 3402 solute
1026 3341 1195 3400 remaneat
1226 3337 1478 3422 imperpetuum,

427 3441 497 3505 sine
527 3440 640 3524 aliqua
672 3439 931 3504 contradictione
967 3461 1025 3504 aeu
1057 3438 1289 3504 reclamatione
1328 3440 1479 3526 praedieti

427 3542 572 3618 Roberti,
603 3541 658 3606 vel
691 3540 848 3606 heredum
884 3563 942 3606 eeu
974 3540 1215 3627 assignatorum
1247 3563 1390 3620 suorum,
1425 3541 1479 3607 vel

427 3645 527 3710 etiam
549 3643 722 3710 hominum
746 3665 879 3710 suorum
906 3644 947 3710 de
970 3643 1057 3710 Polo.
1106 3643 1150 3709 Et
1179 3643 1286 3710 altera
1319 3667 1395 3732 pars
1418 3645 1478 3710 soli

426 3746 593 3833 praediotae
616 3767 715 3812 morae
739 3768 813 3830 quea
831 3744 921 3831 jacet
947 3769 1062 3812 versus
1085 3747 1297 3826 occidentem,
1320 3748 1479 3834 praedicto

432 3851 572 3916 Roberto
595 3855 629 3914 et
651 3849 828 3916 heredibus
851 3871 908 3914 seu
939 3848 1115 3938 assignatis
1138 3851 1215 3928 euiS,
1240 3855 1275 3914 et
1297 3851 1399 3916 etiam
1420 3851 1479 3915 ho·

426 3955 572 4019 minibus
606 3953 675 4018 suis
708 3954 748 4018 de
782 3952 869 4028 Pole,
901 3957 1071 4018 remaneat
1103 3953 1348 4038 imperpetuum
1382 3954 1478 4018 modo

426 4055 597 4133 consimili,
621 4059 721 4142 prout
754 4055 877 4119 bundae
899 4054 1023 4118 ibidem
1056 4054 1182 4139 positae,
1215 4076 1290 4138 quae
1322 4055 1479 4119 dividunt

427 4160 619 4246 praedictam
652 4179 788 4234 moram,
812 4156 942 4242 plenius
973 4155 1211 4220 demonstrant.
1274 4156 1329 4221 Ita
1366 4163 1478 4222 tamen

428 4263 516 4348 quod
546 4260 725 4348 praedictus
755 4258 919 4324 Robertus
942 4265 976 4321 et
1008 4257 1143 4322 heredes
1178 4259 1238 4337 sui,
1263 4264 1298 4322 et
1328 4258 1478 4324 homines

428 4364 479 4428 sui
502 4364 542 4428 de
567 4362 652 4438 Pele,
676 4366 710 4426 et
733 4361 834 4424 etiam
864 4359 1013 4424 homines
1037 4359 1269 4444 pmedictorum
1292 4361 1422 4425 abbatis
1445 4367 1480 4426 et

425 4472 607 4531 conventus
639 4465 679 4529 de
703 4463 856 4544 Euelme‚
881 4461 1026 4526 habeant
1047 4483 1254 4528 communem
1287 4485 1380 4528 suam
1404 4485 1479 4530 cum

426 4567 622 4634 omnimodis
646 4571 680 4632 et
702 4565 855 4632 omnibus
878 4562 998 4628 averiis
1025 4564 1093 4628 suis
1123 4565 1160 4629 in
1182 4570 1253 4631 toto
1284 4565 1353 4632 solo
1387 4565 1478 4632 illius

426 4692 526 4737 morae
549 4691 591 4735 ex
610 4674 749 4752 utraque
767 4670 861 4752 parte
885 4665 1049 4750 praedietae
1065 4665 1181 4732 divisae
1204 4667 1247 4731 ad
1269 4666 1477 4732 voluntatem

425 4797 538 4843 eorum
561 4773 811 4858 imperpetuum.
852 4767 1007 4834 Praedieti
1029 4767 1131 4836 etiam
1153 4768 1256 4835 abbas
1278 4775 1313 4836 et
1335 4791 1478 4838 conven-
