3526 5810
485 829 549 899 276
739 845 939 896 senrsrnou
962 845 1287 900 urrunssunmusn.

484 1035 668 1102 dominium
692 1035 728 1100 in
755 1035 922 1122 praediolis
945 1037 1041 1102 terris
1064 1035 1101 1100 in
1123 1039 1248 1126 oempis
1270 1039 1311 1104 de
1339 1039 1543 1128 Houlrugge,

485 1139 538 1204 vel
571 1139 609 1204 in
640 1138 807 1225 praedietis
845 1139 941 1205 terris
979 1139 1016 1204 in
1053 1141 1177 1227 eampis
1215 1142 1256 1208 de
1294 1141 1543 1220 Honelrinbone

485 1241 596 1326 eliquo
627 1245 775 1328 tempore
806 1240 902 1307 nobis
924 1241 1108 1320 vendicare,
1130 1243 1308 1310 reclamare
1331 1244 1384 1310 vel
1411 1245 1543 1332 exigere

485 1344 657 1430 possimus.
704 1343 830 1408 Remisi
853 1343 954 1409 etism
977 1366 1037 1430 pro
1064 1366 1116 1409 me
1140 1350 1174 1410 el
1195 1344 1372 1411 heredibus
1395 1347 1487 1422 meis,
1511 1353 1546 1412 et

486 1447 587 1512 etism
618 1446 807 1512 hominibus
839 1447 930 1524 mein,
953 1447 1121 1532 praediotis
1153 1447 1268 1513 abbati
1299 1454 1333 1513 eb
1363 1450 1543 1514 conventui

486 1555 656 1615 eteorum
679 1549 925 1626 suooossoribus,
944 1554 1051 1615 bobum
1074 1571 1282 1614 communem
1306 1572 1406 1636 quam
1428 1550 1543 1632 hebui,

486 1653 542 1718 vel
575 1673 675 1740 quom
708 1651 860 1718 homines
889 1651 955 1716 mei
987 1651 1027 1717 de
1059 1651 1254 1718 anintone
1285 1652 1483 1731 habuerunt,
1506 1653 1544 1717 in
1616 1738 1620 1744 Ι
1751 1655 1752 1706 l

486 1757 654 1843 predictis
676 1756 800 1844 enmpis
818 1757 860 1820 de
878 1755 1081 1842 Houlrugge.
1121 1757 1183 1820 Pro
1206 1756 1270 1822 heo
1291 1763 1404 1821 eutem
1427 1757 1542 1822 remis·

487 1860 578 1924 sione
601 1863 635 1926 eb
658 1858 772 1945 quiete
803 1858 979 1924 clementie
996 1880 1077 1935 mea,
1101 1857 1263 1924 dederunt
1285 1857 1367 1923 mihi
1391 1858 1544 1945 praedicti

485 1963 588 2029 ebbos
611 1967 645 2028 et
667 1967 849 2029 conventus
883 1966 971 2027 bobus
1001 1967 1106 2027 terres
1129 1983 1211 2047 ques
1232 1961 1422 2028 babuerunt
1444 1982 1544 2048 super

486 2065 644 2132 Mordone
667 2065 703 2132 in
734 2069 829 2152 parre
861 2065 1014 2131 orientali
1037 2063 1218 2130 molendini
1241 2065 1281 2131 de
1305 2063 1543 2143 Oruddewelle,

485 2189 553 2234 unu
583 2189 657 2237 eum
692 2168 792 2255 longe
828 2167 934 2234 orosto
970 2168 1077 2234 eidem
1115 2167 1252 2238 cullurae
1289 2167 1470 2254 edjueenoe,
1509 2173 1544 2233 et

484 2271 586 2338 etiem
617 2271 692 2338 nliis
723 2271 819 2337 terris
850 2271 887 2335 in
914 2275 1005 2337 ouria
1037 2272 1081 2337 ob
1103 2267 1226 2336 eisdem
1248 2269 1331 2335 mihi
1354 2269 1443 2337 foebo
1465 2291 1541 2338 eon-

483 2377 595 2454 tentio,
617 2373 654 2439 in
688 2374 887 2442 escambium
916 2373 1150 2459 praedictorum
1173 2379 1335 2440 tenerum
1357 2374 1394 2438 in
1416 2374 1541 2460 eampis

485 2481 526 2546 de
549 2479 742 2566 Houlrugge
775 2483 809 2543 et
842 2477 879 2543 in
901 2477 1026 2564 campis
1059 2477 1100 2543 de
1123 2476 1381 2563 Honekynbone.
1429 2477 1474 2542 Et
1503 2478 1541 2542 in

483 2583 711 2652 testimonium
742 2580 843 2667 hujus
880 2579 1083 2646 remissionis
1121 2585 1155 2645 et
1193 2581 1315 2666 quieiae
1352 2579 1540 2647 ehmonliae

482 2709 572 2765 meae‚
596 2685 658 2750 hoo
680 2685 839 2771 seriptum
870 2683 993 2749 eisdem
1016 2682 1129 2749 abbati
1152 2687 1187 2748 et
1209 2683 1388 2749 conventui
1411 2683 1482 2767 feei,
1505 2691 1542 2749 et

481 2791 565 2860 illud
588 2787 696 2876 sigillo
719 2809 792 2853 meo
805 2787 953 2872 signavi.
999 2783 1077 2850 Hiis
1099 2784 1250 2864 testibus,
1273 2790 1334 2853 eto.

806 3081 886 3149 One.
910 3077 1216 3148 coonxxxxvl.

562 3251 682 3338 Quieto
705 3249 895 3318 clementio
923 3249 1085 3318 Willeloui
1099 3253 1177 3340 filii
1206 3251 1393 3339 Wymuudl
1416 3251 1456 3317 de

900 3351 1102 3440 Ooubruyqe.

313 3523 447 3588 Quiulann
526 3519 640 3586 Soisnb
678 3522 855 3605 praesentes
893 3523 928 3582 et
965 3513 1070 3582 fubun'
1116 3518 1205 3603 quod
1245 3537 1306 3605 ego
1342 3517 1538 3598 Willelmus,

311 3593 447 3708 ffld't
480 3621 569 3688 filius
591 3621 775 3710 Wymundi
799 3621 840 3686 de
863 3619 1069 3707 Coubrugge,
1084 3619 1222 3699 reddidi,
1245 3621 1365 3699 remisi,
1389 3625 1424 3686 eb
1446 3623 1538 3708 quie-

311 3739 399 3792 ffleue·
481 3731 553 3790 bum
577 3725 726 3803 clamavi,
749 3745 808 3811 pro
842 3745 894 3788 me
927 3727 961 3788 eb
992 3721 1168 3788 heredibus
1200 3725 1235 3787 eb
1257 3723 1433 3808 assignabis
1456 3725 1538 3790 meis

477 3831 732 3915 imperpetuum,
748 3825 881 3892 domino
906 3824 1070 3891 Willelmo
1093 3825 1207 3890 abbati
1231 3825 1271 3891 de
1295 3824 1538 3905 Mslmesburis,

481 3939 515 4000 eb
538 3933 684 4019 ejusdem
707 3930 768 3996 looi
793 3927 981 4006 conventui,
1004 3933 1113 3992 bobum
1132 3927 1189 4014 jus
1212 3933 1248 3993 et
1269 3926 1424 3993 olamium
1448 3929 1539 4014 qnod

481 4037 591 4114 habui,
614 4035 669 4100 vel
691 4033 801 4118 aliquo
824 4030 922 4097 modo
945 4029 1064 4096 hebere
1087 4031 1190 4117 potui,
1215 4031 1251 4095 in
1273 4035 1346 4096 tolo
1369 4035 1457 4095 berra
1479 4031 1539 4098 ille

482 4161 581 4228 quum
614 4134 717 4202 habui
751 4135 786 4199 in
818 4155 933 4220 eampo
965 4132 1005 4198 de
1041 4133 1242 4220 Honlrugge,
1275 4155 1349 4198 eum
1384 4135 1538 4200 omnibus

482 4243 617 4311 eseaebis
648 4261 722 4325 quae
754 4235 846 4315 mihi,
869 4242 929 4304 11111
959 4235 1135 4301 heredibus
1167 4235 1257 4312 meis,
1288 4236 1400 4321 aliquo
1438 4237 1537 4304 modo

481 4345 626 4413 eooidere
648 4340 777 4428 possint
798 4340 835 4405 in
857 4359 971 4426 eampo
990 4338 1156 4424 praediobo.
1203 4339 1258 4403 Ile
1280 4339 1368 4424 quod
1391 4361 1453 4404 neo
1475 4363 1537 4429 ego

480 4471 541 4516 neo
562 4445 682 4533 aliquis
704 4442 863 4509 heredum
886 4442 939 4508 vel
962 4441 1202 4528 assignatorum
1230 4461 1378 4506 meorum
1401 4441 1539 4529 aliquod

312 4561 329 4612 f.
344 4567 400 4614 1111.
476 4555 533 4641 jus
555 4549 609 4616 vel
632 4547 795 4625 domium,
823 4544 877 4610 vel
898 4543 1043 4631 aliquem
1066 4563 1274 4610 communem
1297 4543 1333 4608 in
1356 4557 1472 4630 eampo
1497 4547 1538 4613 de

480 4653 673 4738 Honlrugge
699 4647 811 4734 aliquo
842 4651 987 4732 tempore
1009 4648 1105 4712 nobis
1129 4647 1259 4734 exigere
1281 4647 1335 4712 vel
1358 4647 1539 4716 vendicare

479 4755 640 4843 possimus
674 4753 925 4838 imperpebuum.
971 4749 1016 4816 El
1049 4749 1084 4816 in
1112 4749 1338 4818 testimonium
1361 4747 1463 4842 hujus
1486 4773 1540 4822 re-
