3578 5808
526 909 724 958 anorsrnun
747 909 1071 959 umnnsnuamusn
1279 897 1320 960 35

268 1093 343 1159 dem
365 1094 428 1161 loci
451 1102 642 1174 conventus,
661 1097 801 1162 salutem
825 1097 861 1160 in
884 1097 1035 1162 Domino.
1057 1099 1061 1106 '
1082 1096 1224 1163 Noverit
1246 1097 1319 1161 uni-

267 1198 407 1263 versitas
440 1204 553 1264 vcstra
591 1221 651 1264 nos
686 1200 810 1264 divinae
847 1199 1067 1265 miserationis
1105 1200 1243 1276 intuitu,
1277 1201 1319 1266 ad

266 1297 461 1364 instantiam
500 1306 535 1364 ct
572 1301 768 1386 petitionem
800 1301 926 1366 domini
961 1301 1099 1366 Henrici
1131 1303 1171 1366 de
1204 1302 1318 1386 Traey,

267 1401 372 1466 eidem
405 1402 448 1468 H.
481 1405 675 1468 concessisse
712 1411 747 1468 et
784 1404 938 1490 prasenti
975 1409 1066 1468 carta
1103 1405 1317 1480 confirmasse,

265 1502 428 1582 videlicet,
445 1509 484 1568 ut
506 1504 645 1590 singulis
668 1505 784 1570 diebus
806 1527 873 1570 una
895 1505 995 1569 missa
1018 1527 1076 1590 pro
1096 1505 1259 1570 defunctis
1283 1506 1318 1570 in

265 1604 391 1689 capella
418 1604 532 1671 Sancti
556 1605 672 1671 Jacobi
703 1607 738 1670 in
761 1605 899 1683 Piltone‚
923 1606 965 1670 ab
988 1627 1055 1671 uno
1078 1606 1218 1671 fratrum
1241 1629 1315 1672 nos-

264 1713 391 1772 trorum
422 1708 546 1772 ibidem
577 1709 870 1787 commorantium
901 1707 1027 1773 seilicet
1057 1729 1117 1794 pro
1143 1709 1316 1774 animabus

264 1809 403 1875 Henriei
438 1811 478 1875 de
511 1810 615 1888 Traci‚
648 1811 705 1876 avi
736 1811 796 1887 sui,
828 1815 862 1875 et
895 1809 1022 1875 Oliveri
1054 1813 1158 1896 patris
1189 1813 1250 1889 sui,
1283 1819 1316 1877 et

263 1911 435 1997 Hawysiae
455 1935 528 1978 avae
551 1935 627 1992 suae,
651 1916 685 1978 et
708 1913 855 1977 omnium
871 1918 1110 1978 antecessorum
1135 1919 1169 1979 et
1192 1919 1315 1978 succes-

262 2035 374 2077 sorum
406 2036 548 2081 suorum.
603 2015 764 2080 Praedicto
797 2015 898 2078 ctiam
931 2013 973 2078 H.
1002 2021 1036 2079 et
1067 2016 1315 2100 praenominatis

262 2115 428 2182 dehmctis
464 2117 680 2182 concessimus
716 2116 1003 2202 participationem
1037 2117 1183 2181 omnium
1214 2119 1315 2182 bono-

263 2240 346 2296 rum,
370 2240 444 2304 qnae
466 2218 553 2284 fiunt
576 2220 611 2282 in
634 2219 769 2284 ecelesia
800 2225 913 2283 nostra
943 2225 977 2284 ct
1008 2220 1044 2282 in
1065 2218 1139 2284 aliis
1163 2219 1241 2285 locis
1273 2222 1315 2285 ad

262 2321 433 2386 ecclesiam
466 2328 612 2386 nostram
645 2321 898 2408 pertinentibus,
931 2321 1017 2387 sicut
1050 2323 1108 2386 uni
1141 2345 1182 2386 ex
1213 2324 1314 2388 nobis.

261 2421 305 2486 In
338 2424 438 2509 hujus
476 2425 523 2488 rei
556 2425 784 2489 testimonium
823 2425 976 2508 praesenti
1016 2425 1137 2510 scripto
1171 2426 1316 2512 sigillum

261 2528 412 2590 nostrum
437 2527 658 2612 apposuimus.
705 2526 810 2601 Teste,
833 2531 892 2590 etc.

642 2761 722 2828 (lar.
748 2760 947 2827 CLXXVII.
1072 2751 1081 2770 ⁸

398 2926 446 2991 De
466 2924 566 2991 lenda
589 2923 690 3010 infru
711 2931 829 3010 portae
853 2924 1013 3010 Wynlon',
1036 2932 1066 2990 et
1085 2931 1187 2990 extra.

306 3069 469 3134 Omnibus
492 3068 534 3133 ad
562 3090 643 3154 quos
670 3090 811 3154 praesens
842 3067 1001 3153 scriptum
1032 3068 1227 3153 pervenerit,
1251 3067 1315 3131 Ro·
1328 3074 1463 3151 §pacifice-

258 3173 374 3237 bertus
397 3170 460 3236 Dei
483 3172 592 3258 gratia
613 3171 714 3236 abbas
738 3171 978 3235 Malmesburiae
1001 3176 1036 3235 et
1056 3175 1146 3234 totus
1169 3169 1315 3255 ejusdem
1327 3143 1422 3259 ffig'f

259 3275 322 3340 loci
355 3279 537 3339 conventus
570 3272 709 3338 salutem
742 3274 777 3336 in
809 3271 959 3337 Domino.
1017 3272 1160 3337 Noverit
1183 3272 1314 3336 univer-

258 3378 342 3442 sitas
376 3382 488 3442 vestra
524 3397 584 3440 nos
619 3376 813 3441 concessisse
851 3375 989 3462 Hugoni
1022 3373 1246 3452 Camberlane,
1282 3381 1315 3439 et

257 3477 437 3544 heredibus
471 3478 546 3555 suis,
584 3482 688 3542 terras
723 3477 796 3541 illas
830 3477 917 3541 infra
949 3483 1059 3562 portas
1091 3475 1248 3561 Wynton’
1281 3483 1315 3542 et

256 3588 363 3657 extra,
397 3602 480 3666 quas
509 3579 675 3644 ltadulfus
705 3579 793 3643 filius
823 3579 949 3665 Pagani
982 3578 1131 3655 Piehard,
1161 3578 1314 3645 habiturn

255 3681 486 3747 monachalem
512 3683 548 3744 in
572 3680 707 3746 ecclesia
728 3685 842 3745 nostra
865 3681 1054 3766 suscipiens
1078 3680 1219 3745 contulit
1241 3680 1313 3745 Deo

254 3790 291 3848 et
315 3783 440 3849 Sancto
456 3782 631 3848 Aldhehno
655 3790 689 3847 et
708 3783 804 3848 nobis
827 3784 862 3846 in
878 3787 1070 3868 perpetuam
1094 3781 1312 3861 elemosinam,
1327 3792 1345 3842 f.
1360 3799 1406 3842 rao
1419 3794 1441 3843 o.

252 3885 415 3951 videlicet
438 3885 604 3970 quandam
628 3891 750 3949 terram
781 3891 876 3949 extra
898 3889 1027 3969 portam
1051 3884 1214 3949 borealem
1238 3908 1312 3970 quae

252 3993 306 4052 est
330 3987 373 4052 de
396 3987 666 4052 feodo'Abbatis
697 3986 738 4051 de
766 3986 875 4072 Hyda,
899 3991 934 4050 et
965 3985 1136 4050 dimidiam
1168 3988 1312 4052 soeldam

251 4112 359 4177 supra
385 4095 533 4154 montem
564 4089 651 4153 unde
675 4090 762 4154 idem
794 4089 895 4174 Hugo
924 4087 1027 4153 habet
1058 4088 1159 4153 aliam
1191 4091 1311 4156 medie-

250 4199 371 4269 tatem,
395 4198 430 4257 et
453 4193 618 4278 quandam
649 4198 771 4256 terram
803 4191 839 4254 in
869 4189 1065 4278 Snibeldnpe
1095 4199 1196 4257 strate
1226 4193 1313 4258 infra

248 4296 410 4380 burgum,
433 4315 507 4378 quae
530 4298 581 4357 est
604 4292 644 4358 de
667 4291 764 4357 feodo
788 4293 917 4357 comitis
948 4291 1129 4377 leycestre,
1154 4297 1188 4358 et
1211 4315 1312 4358 unam

248 4397 393 4462 domum
409 4417 484 4480 quae
505 4401 555 4460 est
577 4395 613 4459 in
628 4395 701 4459 vico
720 4394 822 4478 juxta
836 4415 968 4456 murum
983 4415 1098 4457 versus
1121 4395 1312 4480 prioratum,

246 4497 419 4564 tenendas
453 4515 513 4581 pro
537 4495 593 4560 xii.
618 4495 674 4559 eol.
699 4495 775 4560 inde
809 4494 982 4558 annuatim
1012 4494 1187 4560 reddendis
1218 4497 1313 4562 nobis

245 4607 281 4669 et
315 4598 563 4666 successoribus
592 4599 714 4663 nostris
743 4598 786 4662 ad
815 4598 896 4662 duos
928 4597 1092 4674 terminos,
1116 4597 1241 4663 scilicet
1271 4599 1314 4664 ad

244 4703 386 4770 Pascha
407 4703 451 4766 vi.
475 4700 531 4765 sol.
556 4706 590 4765 et
613 4701 656 4764 ad
682 4700 802 4764 festum
835 4700 950 4764 Sancti
980 4698 1150 4764 Michaelis
1181 4701 1224 4764 vi.
1256 4701 1314 4764 sol.

243 4807 344 4889 Quas
372 4803 462 4869 idem
486 4803 587 4892 Hugo
617 4803 661 4869 ad
689 4801 856 4890 propriam
886 4822 1063 4886 expensam
1094 4821 1187 4867 suam
1218 4801 1316 4866 faciet

1112 4907 1181 4967 οἳ
