3524 5808
669 857 847 908 arrasum
871 824 891 909 i.
1245 847 1309 913 359

306 1048 406 1114 Terra
443 1049 478 1112 in
512 1047 680 1114 Waleeote
716 1069 791 1113 eum
821 1047 968 1114 aedificiis
1004 1049 1040 1112 in
1074 1047 1311 1114 Malmesburia

261 1172 334 1236 quae
368 1151 503 1215 fuerunt
537 1149 695 1214 Willelmi
720 1149 861 1235 Wyney,
885 1156 920 1215 et
949 1149 1063 1214 valent
1096 1173 1156 1238 per
1185 1173 1309 1216 annum

197 1319 203 1326 ,
261 1251 435 1318 dimidiam
459 1274 610 1318 marcam.

304 1352 453 1420 Dimidia
478 1355 605 1441 virgata
628 1361 724 1419 tenne
755 1355 791 1419 in
819 1354 1044 1434 Schoorstona
1069 1362 1103 1421 et
1125 1361 1214 1422 terra
1236 1377 1310 1442 quae

260 1455 328 1520 fuit
364 1455 534 1542 Radulphi
572 1457 785 1542 Pynkeneye,
823 1479 897 1543 quae
936 1459 1049 1524 valent
1089 1481 1147 1545 per
1185 1480 1310 1524 annum

259 1559 329 1623 xiii.
353 1583 375 1624 a.
400 1560 459 1624 iiii.
483 1559 513 1624 d.

306 1660 458 1726 AEdifioia
489 1661 654 1745 quondam
686 1661 850 1726 Johannis
888 1662 928 1726 de
966 1662 1210 1740 Husseboume,
1244 1662 1310 1728 Ra-

261 1762 377 1850 dulphi
409 1763 593 1830 Maresoalli
623 1767 658 1828 et
691 1763 847 1828 Edwardi
881 1764 922 1830 de
955 1765 1074 1842 Laook‚
1097 1787 1172 1852 quae
1195 1765 1310 1830 valent

261 1887 465 1951 perannum
489 1867 630 1930 xxxviii.
654 1865 783 1930 solidos.

305 1968 405 2035 Terra
428 1991 501 2054 quae
524 1968 591 2032 fuit
605 1967 739 2033 Ricardi
761 1968 791 2033 le
816 1968 916 2034 Olerk
940 1970 980 2034 de
1005 1971 1140 2036 Komele
1170 1971 1207 2036 in
1229 1971 1310 2037 villa

263 2071 304 2136 de
328 2070 474 2148 Kamele,
497 2093 572 2156 quae
596 2070 688 2135 valet
711 2092 770 2155 per·
793 2093 919 2135 annum
943 2071 977 2135 ii.
994 2095 1152 2138 mareas·

306 2172 406 2239 Terra
418 2195 494 2258 quae
516 2173 583 2236 fuit
606 2171 747 2237 Galfridi
771 2171 810 2236 de
836 2173 1001 2257 Fynemor
1022 2175 1112 2260 apud
1135 2175 1171 2241 lo
1193 2176 1309 2243 Btolre-

264 2274 402 2354 woerda
426 2295 500 2360 quae
523 2273 614 2338 valet
635 2295 694 2358 per
717 2295 841 2338 annum
866 2274 908 2339 xl.
933 2299 955 2340 a

307 2377 357 2442 De
390 2377 509 2442 comite
548 2375 760 2452 Herefordiae.
822 2376 922 2442 Terra
955 2377 996 2443 de
1030 2378 1204 2458 Ykemere,
1236 2404 1311 2468 quae

264 2479 353 2544 valet
376 2502 434 2565 per
457 2500 582 2544 annum
606 2479 625 2542 i.
652 2500 803 2544 maroam.
1261 2537 1263 2542 .

308 2581 407 2647 Terra
429 2603 503 2667 quae
527 2580 593 2644 fuit
622 2579 747 2664 Paynel
778 2580 814 2644 in
845 2579 1011 2658 Pun'tone,
1035 2605 1109 2667 quae
1132 2585 1223 2651 valet
1252 2607 1312 2673 per

263 2706 398 2763 annum,
422 2706 476 2748 xx.
500 2707 523 2749 e.

308 2787 386 2853 Una
412 2786 543 2872 virgata
573 2790 668 2850 terrae
701 2786 737 2848 in
764 2784 1013 2871 Hanekyntone
1036 2809 1110 2872 quae
1140 2790 1206 2854 fuit
1231 2790 1312 2856 Wil-

263 2889 354 2954 lelmi
378 2888 530 2965 Nobelot,
554 2909 628 2973 quae
652 2886 743 2952 valet
766 2909 796 2952 rr.
821 2911 845 2952 a

310 2991 442 3056 utalia
464 2990 596 3076 virgata
618 2995 714 3054 terrm
737 2988 861 3054 ibidem
891 2995 966 3076 post
990 2991 1159 3058 decessum
1181 2996 1308 3062 Ariciae

266 3095 377 3159 uxoris
401 3093 583 3178 Wymundi
615 3092 655 3157 de
679 3091 871 3178 Coubrigge‚
895 3115 969 3178 quae
992 3095 1082 3160 valet
1108 3118 1314 3182 perannum

265 3217 320 3262 xm
343 3220 366 3262 s.
1109 3245 1113 3254 .

311 3297 485 3366 Stonhulle
506 3319 580 3363 eum
596 3297 815 3382 appropriatis
840 3299 877 3361 in
899 3298 1013 3363 eodem
1036 3321 1095 3386 per
1110 3301 1313 3366 Willelmum

266 3401 419 3467 abbatem
459 3399 701 3465 Malmesburiae
734 3399 824 3464 valet
855 3400 1030 3485 plusquam
1064 3402 1198 3468 valebat
1235 3411 1313 3470 ante
1330 3395 1413 3451 ⁵²⁶·

266 3503 563 3592 appropriationem
587 3522 646 3588 per
668 3502 794 3567 dietum
816 3503 970 3568 abbatem
992 3505 1123 3583 factam,
1146 3529 1199 3572 xv.
1212 3508 1247 3572 le'.

311 3608 454 3674 Suttone
470 3627 544 3672 oum
559 3603 780 3691 appropriatis
796 3605 887 3670 valet
901 3605 1076 3692 plusquam
1091 3609 1223 3675 valebat
1237 3617 1316 3676 ante'

266 3710 568 3798 appropriationem
590 3729 649 3793 per
672 3707 813 3772 eundem
836 3708 990 3775 abbatem
1014 3710 1143 3789 saetam,
1168 3735 1222 3777 xv.
1240 3713 1277 3779 a.

311 3812 413 3880 Terra
435 3833 509 3898 quae
531 3809 598 3875 fuit
620 3809 785 3876 Johannis
808 3809 854 3876 'de
871 3809 1098 3894 Wydeoumbe
1112 3815 1203 3901 apud
1227 3816 1315 3882 Fox·

267 3917 353 3994 ham,
377 3937 451 4000 quae
474 3913 565 3980 valet
587 3933 792 3998 perannum
815 3935 870 3978 xx.
884 3937 908 3979 s.

312 4020 413 4085 Terra
434 4016 524 4104 apud
547 4015 767 4100 Fouleswyke
792 4015 894 4100 juxta
917 4016 1100 4101 Haywode,
1123 4041 1198 4106 qnae
1220 4044 1316 4088 voea-

267 4129 323 4187 tur
346 4119 619 4206 Saherpeoroftes‚
643 4139 717 4204 quae
741 4117 831 4182 valet
854 4140 1058 4204 perannum
1082 4145 1112 4187 x.
1128 4145 1151 4187 a

312 4223 412 4290 Terra
434 4222 523 4307 apud
547 4218 698 4306 Langele,
722 4240 796 4305 quae
819 4220 885 4284 suit
908 4219 1065 4286 Willelmi
1088 4223 1129 4288 de
1155 4225 1318 4306 Wottone,

268 4349 342 4414 quae
366 4325 455 4391 valet
478 4344 683 4411 perannum
707 4321 776 4385 xiii.
792 4344 814 4387 a.
839 4321 898 4386 iiii.
914 4321 944 4386 d.

313 4427 551 4493 Tenementum
575 4423 740 4510 quondam
764 4421 898 4488 Thomae
929 4424 959 4489 le
983 4425 1102 4491 Rower
1131 4428 1167 4492 in
1194 4429 1316 4497 Weste·

267 4537 351 4618 port,
374 4530 459 4616 quod
486 4528 577 4593 valet
598 4527 641 4591 vi.
658 4547 680 4591 o.

312 4634 550 4699 Tenementum
574 4631 740 4718 quondam
764 4631 899 4698 Thomae
923 4632 953 4697 le
977 4633 1078 4720 Wrog
1100 4657 1214 4700 versus
1244 4657 1319 4724 por-

267 4741 338 4802 tam
361 4735 563 4814 orientalem,
588 4733 675 4820 quod
699 4733 789 4800 valet
813 4757 1019 4821 perannum
1043 4736 1086 4800 xl.
1104 4736 1134 4803 d.
