3566 5820
431 884 495 945 202
682 900 878 949 nuemrnuu
901 901 1218 952 uncussnumsusn.

431 1087 656 1153 emendentur.
703 1087 749 1152 Et
774 1110 834 1175 pro
856 1089 919 1154 hac
950 1091 1156 1155 concessione
1190 1089 1341 1177 praedicti
1373 1091 1477 1155 abbas

430 1196 464 1255 et
487 1196 669 1256 conventus
692 1199 922 1258 concesserunt
945 1215 1003 1279 pro
1027 1215 1060 1258 se
1084 1200 1119 1258 et
1141 1193 1379 1258 suecessoribus
1402 1195 1480 1270 suis,

431 1294 569 1378 praefato
592 1293 746 1385 Philippo
769 1302 804 1360 et
827 1296 1003 1362 heredibus
1027 1297 1104 1372 suis,
1119 1296 1206 1380 quod
1233 1318 1346 1361 omnes
1372 1295 1478 1361 homi-

430 1419 488 1462 nes
511 1399 562 1462 sui
586 1399 627 1463 de
651 1385 791 1464 Sutto'ne
815 1401 954 1486 singulis
977 1400 1072 1464 annis
1088 1401 1331 1486 imperpetuum
1354 1400 1478 1465 saciant

431 1523 530 1567 unam
553 1524 685 1567 amram
718 1504 754 1567 in
776 1503 900 1588 campis
931 1503 998 1567 suis
1030 1503 1070 1566 de
1093 1501 1257 1588 Dreyoote
1280 1503 1419 1589 propriis
1442 1509 1477 1566 et

429 1603 596 1669 laboribus
631 1610 665 1668 et
693 1605 900 1690 sumptibus;
922 1605 1086 1680 videlicet,
1110 1604 1267 1690 quaelibet
1298 1604 1476 1670 carneade

431 1707 572 1772 Suttone
595 1708 766 1774 dimidiam
789 1730 898 1774 acram
931 1709 967 1772 in
990 1730 1196 1794 quocumque
1220 1715 1365 1794 tempore
1397 1710 1476 1773 anni

429 1811 605 1886 voluerint,
628 1812 806 1876 dummodo
830 1834 888 1896 per
920 1817 987 1877 tres
1014 1813 1084 1876 dies
1116 1811 1241 1876 fuerint
1274 1812 1475 1897 praemuniti.

429 1910 591 1977 Praeterea
613 1914 745 1999 pmefati
768 1914 868 1978 abbas
891 1920 926 1978 et
948 1918 1129 1978 conventus
1145 1920 1372 1978 conoessenmt
1393 1936 1475 2001 prae-

429 2015 516 2080 dicto
539 2015 693 2102 Philippo
723 2023 758 2080 et
788 2016 968 2081 heredibus
990 2017 1059 2080 suis
1092 2015 1308 2081 sufficientem
1330 2016 1474 2084 abaciam

429 2140 504 2181 eum
531 2120 652 2184 averiis
683 2122 761 2196 suis,
793 2120 836 2185 ad
872 2126 969 2206 prata
1001 2142 1062 2184 sua
1094 2120 1266 2205 pascenda,
1289 2126 1325 2184 et
1354 2120 1474 2186 abilam

429 2221 517 2285 viam
541 2221 583 2286 ad
611 2222 687 2286 fena
709 2244 770 2287 sua
784 2222 940 2288 sarienda
962 2239 1037 2288 cum
1053 2222 1190 2288 carectis
1206 2228 1240 2287 et
1263 2224 1363 2287 carris
1387 2222 1475 2286 ultra

259 2329 370 2386 tzere.
428 2345 579 2409 campum
618 2346 714 2388 suum
750 2325 791 2388 de
826 2325 975 2400 Suttone‚
1019 2347 1078 2410 per
1119 2325 1285 2409 quandam
1323 2325 1473 2389 semitam

428 2447 502 2510 quae
522 2449 556 2492 se
573 2427 726 2491 extendit
748 2448 852 2512 usque
874 2427 917 2492 ad
944 2426 1171 2492 molendinum
1195 2427 1237 2490 de
1251 2429 1375 2502 Avene,
1399 2449 1472 2511 quae

424 2532 513 2615 jacet
541 2530 643 2615 juxta
666 2529 901 2595 Wateresdich.
964 2529 1018 2594 Ita
1049 2530 1137 2614 quod
1170 2551 1245 2594 cum
1278 2551 1413 2615 campus
1436 2531 1471 2594 in

394 2661 399 2672 ·
427 2639 521 2718 parte
544 2633 681 2698 australi
704 2633 871 2718 praedictae
895 2633 1020 2697 semitae
1044 2633 1144 2696 fuerit
1166 2633 1363 2709 inbladatus,
1387 2655 1468 2718 prae-

427 2737 535 2800 dictus
559 2734 733 2821 Philippus
767 2741 801 2799 et
833 2735 969 2800 heredes
1001 2735 1053 2799 sui
1083 2735 1229 2800 habeant
1260 2735 1404 2801 abaciam
1439 2742 1473 2800 et

427 2837 615 2905 cheminum
639 2839 675 2901 in
698 2844 792 2924 parte
817 2837 949 2916 boreali,
980 2843 1014 2902 et
1046 2861 1121 2903 cum
1145 2859 1279 2924 campus
1310 2839 1345 2902 in
1377 2844 1469 2924 parte

427 2942 549 3006 boreali
598 2941 701 3006 fuerit
747 2939 945 3017 inbladatus‚
996 2940 1173 3026 praedictus
1216 2939 1389 3027 Philippus
1438 2949 1471 3006 et

426 3044 561 3109 heredes
584 3046 635 3108 sui
670 3044 815 3110 habeant
845 3043 992 3108 chaciam
1024 3049 1058 3107 et
1090 3043 1279 3109 cheminum
1313 3044 1349 3107 in
1381 3049 1472 3128 parte

425 3147 563 3212 australi
594 3147 761 3232 praedictae
792 3146 926 3210 semitae.
973 3145 1067 3210 Etsi
1100 3146 1271 3230 contingat
1294 3152 1472 3231 utrumque

425 3274 576 3338 campum
600 3273 669 3315 esse
691 3249 909 3327 inbladatum‚
935 3255 1016 3314 tune
1039 3249 1161 3313 debent
1183 3248 1303 3314 habere
1326 3250 1471 3316 chariam

425 3361 459 3419 et
488 3355 676 3420 cheminum
707 3376 765 3438 per
796 3353 938 3419 mediam
973 3352 1086 3440 villam
1118 3353 1158 3417 de
1194 3352 1345 3436 Suttone,
1370 3349 1472 3419 etsie

424 3481 482 3544 per
504 3459 627 3544 regiam
649 3457 739 3528 viam
763 3479 835 3542 quse
859 3456 1010 3520 extendit
1026 3477 1139 3520 versus
1155 3454 1345 3540 Ohippeam,
1369 3477 1471 3541 usque

424 3563 466 3626 ad
497 3561 687 3647 praedictam
709 3560 867 3636 semitam,
900 3564 933 3622 et
963 3559 1009 3623 sic
1032 3559 1075 3622 ad
1108 3562 1470 3644 p1·atumsuum,quo·

423 3687 527 3748 usque
564 3663 662 3728 bleda
703 3663 738 3726 in
770 3662 936 3748 praedictis
969 3661 1093 3746 campis
1134 3659 1261 3724 fuerint
1293 3666 1469 3746 asportata.

423 3767 556 3834 Etcum
579 3767 703 3833 fuerint
717 3771 893 3852 asportata,
908 3765 1053 3829 habeant
1068 3763 1213 3828 abaciam
1229 3767 1263 3828 et
1284 3762 1470 3829 cheminum

422 3893 481 3957 per
519 3871 709 3957 praedictam
748 3871 900 3936 semitam
938 3869 1009 3932 sine
1047 3866 1219 3952 dispendio
1250 3872 1285 3931 et
1322 3867 1471 3932 molestia

423 3975 594 4040 hominum
638 3974 679 4038 de
717 3973 866 4038 Suttone.
935 3971 991 4036 Ita
1030 3975 1141 4034 tamen
1188 3969 1276 4054 quod
1313 3971 1470 4034 medietas

421 4077 564 4164 proximi
588 4075 743 4162 seyllonis
767 4098 840 4162 quae
869 4074 959 4160 jacet
990 4072 1092 4158 juxta
1115 4071 1238 4137 dictam
1261 4073 1411 4137 semitam
1433 4074 1470 4136 in

421 4189 515 4268 parte
537 4179 684 4256 australi,
707 4184 741 4242 et
763 4178 914 4244 extendit
944 4172 1042 4264 super
1064 4181 1205 4262 pratum,
1228 4175 1469 4262 imperpetuum

421 4285 582 4350 habeatur
613 4305 673 4370 pro
696 4283 810 4349 chasia
831 4287 866 4347 et
887 4282 1038 4348 chemino
1071 4281 1222 4367 praedicti
1255 4279 1400 4367 Philippi
1434 4287 1469 4345 et

421 4387 580 4452 heredum
603 4409 748 4464 suorum,
769 4391 957 4451 remanente
990 4384 1080 4450 dicta
1110 4383 1228 4448 semita
1259 4389 1359 4471 prout
1392 4391 1469 4449 ante

421 4493 655 4559 confectionem
678 4489 778 4575 hujus
801 4489 1027 4554 conventionis
1050 4491 1266 4552 consueverat
1299 4509 1403 4572 usque
1426 4487 1468 4552 ad

420 4603 542 4661 terram
576 4595 616 4659 de
652 4593 825 4677 Dreyoote.
886 4590 930 4654 Et
959 4590 1046 4674 quod
1088 4589 1197 4655 dictus
1232 4587 1405 4675 Philippus
1434 4594 1469 4653 et

420 4701 555 4766 heredes
578 4697 630 4762 sui
645 4695 772 4783 possint
794 4695 973 4778 imparcare
995 4697 1030 4756 et
1051 4691 1166 4778 fugare
1188 4690 1356 4756 averia'de
1389 4691 1467 4756 Sut-

420 4810 505 4882 tone‚
540 4803 567 4866 si
600 4800 772 4885 contingat
795 4818 833 4862 ea
856 4794 1000 4860 inveniri
1022 4793 1059 4857 in
1082 4795 1240 4882 praedicto
1263 4799 1360 4882 prato
1383 4800 1465 4860 tem-
