3566 5820
529 1001 725 1050 snmsmuu
750 1000 1071 1050 uanuuseumnusn.
1262 987 1324 1050 195

276 1195 467 1281 pmsdictsm
490 1198 612 1259 terram
635 1215 709 1258 cum
732 1193 883 1258 omnibus
907 1194 975 1258 suis
998 1194 1216 1280 pertinentiis,
1239 1196 1325 1261 sicut

275 1297 468 1384 praedictum
492 1301 550 1375 est,
574 1296 741 1382 praedictis
763 1295 877 1360 abbati
900 1301 935 1361 et
954 1295 1132 1362 conventui
1156 1301 1189 1361 et
1212 1319 1323 1362 eorum

275 1398 510 1464 successoribus
537 1405 651 1462 contro
673 1419 785 1463 omnes
807 1399 960 1462 mortales
990 1399 1232 1484 imperpetuum
1257 1421 1323 1464 wa·

275 1502 518 1566 rantizabimus
577 1501 620 1565 Et
651 1505 691 1565 ut
724 1501 795 1566 haec
827 1501 961 1566 donatio
993 1506 1027 1565 et
1058 1502 1219 1566 concessio
1251 1523 1324 1566 mea

275 1607 369 1670 firma
401 1607 446 1669 sit
479 1609 514 1668 et
547 1603 683 1681 stabilis,
710 1604 796 1668 hanc
829 1609 953 1668 cartam
986 1603 1107 1668 eisdem
1141 1605 1254 1668 abbati
1290 1610 1324 1669 et

274 1710 451 1776 conventui
473 1707 546 1784 feci,
569 1712 604 1772 et
626 1729 697 1771 eam
721 1706 829 1792 sigillo
853 1729 924 1770 meo
948 1706 1089 1792 signavi..

644 1973 722 2039 OAP.
749 1971 956 2038 CCCXXVI.

313 2127 432 2211 Quieto
455 2126 644 2192 clouzuotio
667 2126 802 2191 domiui
826 2123 1052 2190 Boctlzolomei
1075 2125 1116 2192 clo
1138 2125 1173 2190 lo
1197 2125 1291 2189 More

646 2233 686 2297 cle
708 2231 824 2297 eudem
845 2238 943 2296 temo.

286 2436 292 2446 .
318 2383 432 2450 Sciant
453 2388 629 2470 praesentes
661 2387 695 2447 et
729 2383 833 2448 futuri
857 2384 944 2468 quod
978 2406 1038 2470 ego
1072 2384 1320 2452 Bartholomeus
1335 2395 1488 2458 Quitclaim.

274 2488 313 2554 de
335 2488 369 2554 la
392 2487 492 2565 More,
515 2477 617 2563 miles,
640 2485 778 2569 reddidi,
800 2487 920 2563 remisi,
943 2494 978 2551 et
1000 2487 1149 2572 quietum
1172 2489 1320 2566 clamavi,

273 2613 331 2678 pro
354 2613 406 2656 me
430 2603 464 2656 et
492 2591 667 2655 heredibus
690 2594 724 2653 et
757 2590 932 2674 assignatis
966 2591 1047 2654 meis
1069 2591 1320 2676 imperpetuum,

274 2694 405 2759 domino
437 2692 610 2768 Willelmo,
633 2691 696 2756 Dei
728 2691 836 2778 gmtia
868 2691 981 2757 abbati
1014 2691 1263 2771 lllalmcsburiae‚
1288 2703 1321 2759 et

273 2797 418 2882 ejusdem
448 2797 510 2863 loci
540 2796 728 2872 conventui,
751 2799 860 2860 totum
891 2795 947 2880 jus
979 2801 1013 2860 et
1044 2795 1198 2861 clamium
1233 2799 1320 2882 quod

272 2901 381 2980 habui,
405 2900 458 2966 vel
481 2901 592 2988 aliquo
615 2900 710 2965 modo
733 2899 853 2964 habere
876 2900 980 2984 potui,
1002 2900 1037 2963 in
1061 2905 1132 2964 tota
1153 2901 1320 2966 termille

273 3027 347 3070 cum
385 3004 537 3070 omnibus
573 3003 641 3067 suis
678 3001 898 3087 pertinentiis,
932 3022 1006 3086 quae
1040 3001 1105 3067 fuit
1143 3002 1320 3088 aliquando

273 3107 411 3174 Walteri
435 3109 474 3174 de
501 3108 534 3172 la
557 3105 647 3171 More
680 3104 819 3170 invilla
853 3105 893 3169 de
917 3104 1098 3170 Lutletone.
1146 3107 1200 3172 Ita
1233 3111 1320 3195 quod

272 3233 332 3278 nec
354 3233 416 3296 ego
437 3231 497 3275 nec
518 3208 638 3294 aliquis
661 3205 818 3272 heredum
833 3206 888 3271 vel
911 3207 1150 3292 assignatorum
1174 3231 1320 3276 meorum

271 3313 407 3401 aliquod
435 3314 492 3399 jus
524 3311 577 3377 vel
611 3311 766 3377 olamium
789 3312 823 3374 in
862 3310 1021 3396 predicta
1058 3315 1153 3389 terra,
1188 3318 1247 3377 aut
1284 3316 1320 3380 in

270 3417 383 3504 aliqua
405 3417 476 3502 ojus
498 3421 601 3503 parte,
627 3413 738 3501 aliquo
765 3420 909 3499 tempore
932 3414 1026 3480 nobis
1047 3415 1208 3501 possimus
1240 3439 1319 3482 ven-

271 3521 387 3588 nime.
431 3520 474 3585 Et
497 3522 533 3585 in
555 3520 782 3586 testimonium
804 3519 904 3604 hujus
926 3520 1126 3585 remissionis
1142 3526 1175 3585 et
1198 3522 1318 3607 quietae

272 3624 458 3690 clamantiae
490 3623 552 3688 hoo
585 3623 745 3710 scriptum
778 3621 901 3686 eisdem
932 3617 1047 3688 abbati
1077 3627 1110 3687 et
1140 3626 1318 3690 conventui

272 3727 342 3806 ieci,
365 3733 401 3794 et
423 3725 507 3793 illud
528 3725 636 3814 sigillo
659 3746 731 3788 meo
755 3725 892 3809 signavi.

627 3987 707 4054 OAP.
731 3986 960 4054 OOCXXVII.

333 4145 438 4212 06616
462 4145 496 4212 G.
521 4143 549 4208 lc
571 4141 698 4208 Acclter
723 4141 762 4207 dc
786 4142 898 4208 Escote
925 4142 964 4208 cle
991 4143 1142 4229 quadam
1167 4151 1259 4212 temo

357 4254 474 4314 contro
496 4245 668 4331 aspidum
692 4244 852 4311 totalem
878 4246 963 4312 bosci
989 4245 1030 4312 de
1055 4245 1239 4334 Rudiupes.

318 4397 433 4463 Sciant
464 4401 640 4482 praesentcs
674 4399 709 4460 et
741 4395 848 4460 futuri
880 4395 968 4481 quod
991 4419 1050 4482 ego
1085 4395 1253 4462 Galfiidus
1286 4399 1318 4462 16
1332 4416 1414 4467 orant
1425 4416 1455 4465 of

272 4501 398 4566 Archer
427 4499 467 4564 de
501 4498 632 4565 Estcote
671 4497 756 4576 dedi,
794 4499 944 4576 concessi,
967 4503 1002 4564 et
1035 4501 1202 4586 praesenti
1228 4507 1319 4568 carta
1331 4483 1438 4614 {2⁸23}
1403 4498 1464 4532 ΜΗ

272 4625 347 4668 mea
375 4601 606 4678 confirmavi,⁸
598 4623 633 4664 m
667 4621 783 4687 puram
817 4606 851 4666 et
884 4607 1077 4688 perpetuam
1109 4602 1318 4670 elemosinam
1331 4617 1412 4666 moos

274 4703 354 4781 Deo,
387 4709 422 4769 et
452 4701 595 4768 ecclesiae
622 4701 717 4768 Beati
751 4702 897 4768 Aldelmi
931 4703 971 4769 do
1010 4703 1252 4783 Malmesburia,
1285 4694 1350 4771 ets·
1362 4698 1420 4744 ²³⁵·

274 4805 407 4871 domino
429 4802 594 4870 Willelmo
616 4804 737 4880 abbati,
762 4810 796 4869 et
825 4804 992 4870 monachis
1015 4806 1137 4872 ibidem
1161 4806 1231 4874 Deo
1254 4830 1320 4874 ser·

274 4907 449 4984 vientibus,
471 4913 577 4972 totam
600 4912 722 4972 temam
746 4907 844 4985 illam,
869 4931 943 4994 quae
965 4931 999 4975 se
1023 4910 1174 4974 extendit
1206 4917 1321 4977 contra

1119 5031 1141 5078 u
1169 5017 1187 5077 2
