3578 5808
455 874 497 939 34
707 890 905 940 REGISTRUM
930 889 1253 940 MALMESBURIENSE.

454 1071 489 1131 et
522 1066 713 1132 inconeussa
736 1073 945 1152 permaneat,
968 1067 1054 1131 hane
1087 1071 1212 1130 cartam
1246 1067 1277 1130 ei
1309 1065 1447 1131 fecimus
1475 1069 1511 1132 et

454 1169 570 1254 sigillis
592 1170 713 1235 nostris
735 1169 970 1235 roboravimus.
1018 1170 1095 1233 Hiis
1118 1170 1267 1246 testibus,
1292 1175 1352 1234 ete.

844 1406 924 1472 CAP.
948 1406 1110 1473 CLXXV.

454 1571 502 1636 De
539 1577 607 1636 totu
645 1577 735 1636 terro
773 1569 816 1634 io
850 1569 986 1634 Piltooe
1017 1569 1122 1654 jum
1156 1575 1301 1635 atratum
1330 1567 1509 1656 publicam

522 1695 596 1758 qum
619 1680 663 1737 eet
685 1672 727 1736 iu
749 1669 951 1756 crquilmaori
971 1676 1072 1755 pesele
1094 1670 1185 1736 horti
1208 1671 1438 1757 infirmorum.

492 1825 665 1889 Universis
681 1829 803 1888 sanetae
818 1825 933 1888 matris
949 1825 1093 1889 ecelesiae
1109 1823 1186 1887 filiis
1202 1824 1245 1888 ad
1268 1845 1350 1908 quos
1365 1845 1510 1910 praesens

455 1928 612 2013 seriptum
637 1927 832 2012 pervenen't,
850 1926 1016 1990 Walterus
1033 1926 1148 1990 divina
1172 1925 1383 2012 providentia
1406 1927 1508 1990 abbae

455 2028 704 2104 Malmesburiae,
728 2034 762 2092 et
784 2033 874 2092 totus
898 2028 1043 2112 ejusdem
1067 2028 1129 2094 looi
1153 2035 1344 2105 conventus,
1368 2028 1508 2093 salutem

456 2133 491 2194 in
524 2131 675 2194 Domino
722 2129 863 2194 Noverit
900 2131 1100 2195 universitas
1141 2137 1250 2195 vestra
1288 2153 1347 2194 nos
1380 2151 1509 2195 conoes-

456 2234 535 2298 sisse
559 2239 593 2298 et
616 2211 724 2296 ratdm
741 2238 775 2295 et
797 2237 929 2317 gratum
952 2231 1116 2311 habuisse,
1142 2237 1247 2296 totam
1271 2232 1363 2296 illam
1386 2236 1508 2298 terram

394 2381 397 2386 -
456 2338 491 2399 in
515 2336 643 2400 Piltone
666 2335 768 2420 juxta
792 2339 929 2398 stratam
953 2334 1128 2420 publicam,
1145 2357 1219 2420 quse
1246 2339 1296 2400 est
1319 2337 1353 2399 in
1381 2334 1508 2420 aquilo-

456 2439 529 2502 nari
551 2443 644 2523 parte
667 2437 755 2500 horti
779 2436 991 2514 infirmorum,
1016 2443 1049 2501 et
1073 2438 1154 2502 item
1176 2439 1211 2502 in
1236 2437 1389 2502 orientali
1415 2443 1509 2522 parte

455 2539 587 2625 capellae
620 2539 751 2604 Sanctae
775 2539 969 2624 Margaretae
992 2539 1131 2624 virginis
1166 2561 1270 2624 usque
1306 2541 1348 2604 ad
1383 2540 1506 2603 divisas

453 2648 549 2706 terres
573 2641 690 2726 prioris
714 2642 755 2706 de
779 2641 1003 2726 Barnastaple,
1029 2649 1063 2706 et
1085 2647 1183 2706 terrae
1210 2643 1250 2706 de
1273 2642 1406 2728 Ralega,
1426 2642 1505 2708 fide·

452 2743 539 2808 libus
571 2743 759 2807 hominibus
793 2765 867 2826 quae
899 2765 970 2808 eam
1006 2749 1164 2830 oeperunt
1197 2743 1237 2807 de
1269 2744 1366 2809 domo
1393 2750 1505 2808 nostra

453 2847 492 2910 de
516 2845 652 2920 Piltone,
672 2844 715 2909 ad
738 2866 907 2908 mansuras
930 2844 1103 2920 faciendas,
1121 2847 1196 2929 jure
1219 2845 1418 2910 hereditario
1441 2845 1504 2910 sibi

451 2954 486 3012 et
508 2947 683 3012 heredibus
702 2947 770 3010 suis
792 2947 827 3010 in
851 2946 990 3010 liberum
1010 2952 1044 3011 et
1069 2953 1264 3033 perpetuum
1288 2947 1506 3033 burgagium

451 3049 626 3115 tenendam
654 3055 695 3137 ¹et
725 3047 910 3113 habendam
943 3049 983 3112 de
1014 3050 1173 3134 praedicta
1199 3051 1296 3114 domo
1326 3056 1440 3114 nostra
1464 3050 1504 3115 de

451 3151 590 3225 Piltone‚
614 3149 780 3214 reddendo
810 3149 983 3214 annuatim
1015 3150 1181 3234 praedictre
1204 3151 1348 3216 ecclesiae
1372 3152 1412 3216 de
1438 3151 1504 3216 Pil-

450 3257 535 3329 toue,
559 3252 600 3316 de
632 3251 779 3335 quolibet
801 3249 967 3336 burgagio,
991 3251 1048 3314 xii.
1070 3252 1202 3316 deusd
1228 3253 1362 3318 Pascha.
1410 3253 1452 3318 Et
1476 3255 1504 3318 si

451 3355 524 3439 quis
555 3353 687 3416 illorum
720 3352 924 3417 forisfactum
964 3353 1147 3430 incurrerit,
1184 3355 1226 3420 vi.
1259 3354 1332 3418 den.
1371 3361 1503 3420 tantum

451 3455 574 3520 reddet.
630 3455 851 3538 Praeterquam
883 3476 1018 3518 manum
1053 3477 1120 3519 non
1150 3457 1263 3520 mittet
1293 3458 1330 3520 in
1359 3457 1503 3542 aliquem

452 3556 658 3621 dominorum
698 3577 830 3620 suorum
870 3561 930 3620 aut
974 3557 1190 3621 servientium
1237 3557 1377 3635 illorum,
1416 3559 1503 3644 quod

452 3664 533 3723 tuno
566 3658 796 3723 emendabitur
827 3658 1007 3722 seeundum
1039 3680 1162 3723 morem
1197 3660 1322 3744 patriae.
1365 3661 1505 3726 Dabunt

453 3763 555 3825 etiam
582 3760 807 3845 unusquisque
830 3760 962 3823 illorum
994 3761 1182 3844 quindecim
1208 3762 1280 3826 den.
1307 3762 1347 3827 de
1372 3762 1502 3841 relevio,

450 3870 484 3929 et
512 3864 593 3928 duos
618 3862 738 3926 solidos
765 3862 808 3926 ad
834 3862 1016 3926 introitum.
1063 3863 1160 3942 Quod
1185 3869 1224 3928 ut
1244 3865 1362 3930 stabile
1383 3867 1502 3950 imper-

450 3973 588 4053 petuum
629 3970 827 4051 permaneat,
860 3971 1055 4049 praesentem
1096 3971 1220 4030 cartam
1261 3966 1361 4052 sigilli
1397 3969 1502 4033 nostri

449 4068 660 4154 impressione
681 4066 970 4132 corroboravimus

831 4281 911 4347 ΟΔΡ.
936 4280 1114 4346 CLXXVI.

448 4423 629 4490 Deoniana
658 4421 855 4488 celebrando
883 4421 1002 4486 cotidie
1032 4422 1075 4486 io
1105 4421 1233 4506 capello
1264 4421 1351 4487 beuti
1382 4424 1501 4490 Jooobi

843 4524 939 4610 opud-
963 4523 1107 4588 Piltoue.

280 4653 359 4771 ξιωὲῖ
369 4667 437 4704 mass
495 4632 658 4730 Omnibus
681 4664 806 4730 Christi
829 4663 982 4728 fidelibus
1004 4663 1045 4728 ad
1071 4685 1152 4748 quoa
1174 4684 1316 4748 praesens
1337 4664 1500 4752 scriptum

299 4803 376 4851 ames,
449 4767 647 4858 pervenerit,
671 4765 720 4831 W.
745 4766 809 4831 Dei
831 4765 939 4856 gratia
961 4763 1063 4831 abbas
1087 4763 1329 4832 Malmesburiae
1356 4773 1391 4832 et
1414 4769 1499 4858 ejus-

279 4787 298 4839 J

280 4853 374 4907 Pilton.
