3578 5808
551 889 751 940 REGIS'IRUM
774 889 1098 940 MALMESBURIENSE.
1307 871 1350 942 79

296 1085 443 1160 mortem,
467 1083 654 1161 cessionem,
678 1084 932 1170 resignationem
962 1067 1020 1148 seu
1050 1083 1116 1147 alio
1147 1083 1243 1148 modo
1270 1081 1351 1168 legi·

294 1186 377 1250 timo
408 1191 557 1265 vacante,
581 1186 714 1252 idoneas
748 1187 928 1252 successive
961 1207 1115 1271 personas
1138 1186 1270 1271 priores,
1293 1207 1352 1249 seu

295 1288 586 1366 administratores,
607 1289 828 1355 instituendos
851 1289 983 1366 ibidem,
1016 1289 1103 1354 dicto
1128 1288 1260 1352 domino
1284 1289 1351 1373 epi-

297 1411 391 1475 scopo
415 1395 449 1455 et
471 1390 543 1476 ejus
565 1390 803 1457 successoribus
818 1392 858 1456 de
882 1397 999 1456 caetero
1021 1391 1278 1478 praesentabunt,
1294 1391 1351 1475 qui

297 1513 417 1570 coram,
430 1493 770 1570 administrationem,
793 1515 850 1560 seu
889 1495 1042 1579 regimen,
1065 1495 1108 1558 ab
1139 1493 1251 1558 eodem
1284 1493 1351 1578 epi·
1380 1531 1381 1536 κ

297 1614 392 1680 scopo
416 1595 542 1680 atejus
565 1597 802 1662 successoribus
825 1596 1003 1682 reeipient;
1026 1603 1061 1660 et
1074 1596 1139 1662 nisi
1157 1596 1203 1660 eis
1218 1595 1350 1682 aliquod

297 1697 489 1763 canonicum
530 1697 678 1775 obsistat,
709 1699 779 1763 sine
810 1697 1003 1764 difficultate
1034 1696 1261 1763 admittentur.
1309 1698 1354 1762 Et

297 1805 337 1864 ut
358 1797 419 1865 hoc
441 1805 600 1886 perpetuo
627 1799 865 1866 inviolabiliter
895 1801 1089 1866 observetur
1115 1800 1203 1865 inter
1232 1803 1352 1886 partes,

298 1903 474 1989 episcopus,
499 1903 650 1982 decanus,
673 1903 865 1990 capitulum,
888 1903 990 1968 abbas
1006 1907 1041 1968 et
1063 1909 1247 1968 conventus
1270 1924 1353 1989 prae·

298 2005 378 2069 dicti
410 2009 523 2069 tenore
557 2005 768 2090 praesentium
804 2004 883 2069 hinc
906 2004 982 2069 inde
1006 2026 1040 2068 sa
1063 2004 1212 2090 obligent
1235 2005 1353 2090 imper-

298 2111 443 2192 petuum,
468 2112 502 2172 et
524 2105 678 2191 praesenti
710 2107 832 2191 scripto
856 2105 964 2192 sigilla
990 2127 1050 2170 sua
1083 2107 1126 2170 ad
1160 2112 1352 2193 perpetuam

300 2209 488 2273 memoriam
527 2208 717 2274 alternatim
763 2213 995 2293 apposuerunt.
1056 2209 1142 2275 Acte
1186 2216 1220 2274 et
1266 2210 1352 2286 data,

298 2331 385 2376 enno
407 2311 524 2396 gratiae
547 2327 671 2375 nemu.
696 2311 811 2396 primo,
836 2311 877 2373 xi.
902 2310 968 2374 kal.
994 2311 1082 2376 Maii.

681 2547 760 2614 Car.
786 2548 973 2615 CCXXIII.

315 2716 363 2781 De
386 2715 500 2780 littero
527 2715 654 2780 directo
681 2715 793 2800 ,cicbm
824 2716 973 2802 episcopo
999 2738 1065 2802 pro
1090 2715 1230 2781 donat-uo
1256 2715 1337 2780 Ado

563 2817 567 2824 ’
686 2818 805 2903 priore
830 2817 973 2884 Pillooc.

347 2957 523 3022 Universis
546 2961 726 3042 praesentes
749 2958 879 3022 litteras
902 2959 1107 3044 inspecturis,
1139 2958 1189 3022 W.
1221 2958 1352 3023 misera-
1367 2965 1498 3030 Appoint-
1595 2981 1598 2986 ¹

299 3061 391 3125 tione
429 3059 547 3124 divina
585 3058 689 3123 Exon.
728 3059 907 3146 episcopus,
946 3059 1085 3123 salutem
1124 3064 1280 3124 aeternam
1319 3060 1354 3123 in
1368 3033 1519 3162 gffigffo,

298 3162 454 3228 Domino.
496 3161 642 3225 Litteras
665 3161 780 3226 fratris
803 3161 854 3225 W.
871 3161 934 3226 Dei
950 3162 1057 3248 gratia
1080 3162 1180 3226 abbas
1205 3161 1355 3226 Melmes-
1369 3165 1462 3215 Pilton.

296 3264 405 3330 buriae
427 3263 522 3327 nobis
545 3269 761 3348 praesentatas
783 3263 959 3349 recipimus
982 3265 1018 3327 in
1041 3263 1111 3329 haec
1134 3263 1254 3329 verba:

345 3364 567 3430 “Venerabili
605 3365 693 3450 patri
732 3366 767 3429 in
807 3363 940 3430 Christo
970 3373 1006 3430 ct
1036 3366 1169 3430 domino
1201 3365 1260 3442 W,
1293 3364 1354 3429 Dei

299 3474 317 3502 “
340 3466 450 3553 gratia
480 3466 631 3552 episcopo
666 3467 780 3544 Exon,
804 3466 905 3532 frater
928 3466 978 3532 W.
1003 3469 1209 3533 miseratione
1241 3469 1357 3533 divina

298 3578 316 3604 “
342 3568 645 3634 Malmesburiensis
669 3568 811 3633 ecclesiae
835 3569 985 3634 minister
1007 3569 1150 3650 humilis,
1167 3572 1307 3636 salutem
1323 3580 1357 3637 et
1369 3587 1387 3638 f.
1399 3593 1447 3638 eor
1461 3589 1484 3639 o.

299 3680 475 3736 “omnem
506 3691 581 3736 cum
612 3693 743 3735 summa
776 3671 951 3736 devotione
974 3675 1203 3738 reverenciam.
1251 3673 1356 3740 Reve-
1462 3757 1466 3762 Ι

298 3783 316 3809 “
341 3775 454 3840 rendae
468 3772 663 3861 paternitati
682 3779 800 3838 vestrae
817 3774 1000 3840 innotescat
1015 3777 1102 3860 quod
1118 3799 1177 3841 nos
1200 3777 1357 3844 dilectum

298 3887 315 3910 “
339 3879 477 3942 fratrem
501 3883 535 3941 et
558 3877 827 3941 commonachum
854 3883 1013 3954 nostrum,
1037 3880 1228 3944 monasterii
1252 3883 1356 3945 nostri

297 3989 314 4014 '‘
339 3978 525 4065 professum
549 3979 587 4043 A.
612 3977 652 4042 de
679 3979 725 4055 B,
742 3985 987 4064 procuratorem
1011 3987 1160 4045 nostrum
1184 3983 1356 4046 constitui-

271 4091 314 4168 ,“
340 4103 418 4144 mus
456 4085 490 4144 et
527 4079 754 4145 ordinavimus
792 4080 835 4143 ad
872 4079 1080 4146 officiandum
1113 4088 1147 4147 et
1178 4083 1357 4169 regendum

295 4193 313 4217 “
340 4181 511 4248 ecclesiam
549 4186 696 4246 nostram
735 4181 776 4246 de
820 4181 957 4259 Piltone,
991 4188 1025 4248 et
1058 4185 1357 4250 administrandum

296 4297 314 4322 “
340 4285 432 4350 bona
469 4285 512 4349 ad
551 4285 690 4350 eandem
722 4284 890 4348 ecclesiam
920 4285 1131 4371 pertinentia,
1154 4292 1189 4352 et
1219 4289 1262 4352 ed
1292 4289 1358 4353 dis-

296 4397 313 4422 “
339 4387 533 4474 ponendum
557 4386 597 4450 de
620 4386 892 4470 provenientibus
908 4387 1054 4470 ejusdem
1078 4389 1228 4467 ecclesiae,
1243 4411 1357 4455 secun-

295 4499 314 4525 “
340 4491 427 4554 dum
457 4487 545 4573 quod
576 4487 775 4552 monasterio
805 4492 917 4552 nostro
948 4493 982 4553 et
1013 4488 1119 4554 eidem
1144 4491 1285 4556 ecclesiae
1310 4493 1359 4555 vi·

296 4603 314 4628 “
340 4591 436 4656 derit
457 4590 633 4676 expedire3
660 4595 770 4655 retum
792 4589 967 4655 habiturus
990 4596 1025 4655 et
1046 4597 1178 4677 gratum
1202 4595 1359 4679 quicquid

297 4705 315 4731 “
340 4695 437 4759 idem
467 4694 506 4758 A.
534 4694 619 4759 circa
649 4694 759 4759 omnia
790 4699 970 4759 memorata
1000 4694 1134 4762 duxerit
1164 4695 1357 4776 faciendum,

299 4809 318 4834 ‘⁸
344 4817 523 4888 quousque
560 4797 651 4861 istud
682 4796 943 4884 procuratorium
982 4797 1173 4866 duxerimus
1204 4820 1357 4867 revocan-
