3526 5810
462 885 527 947 228
714 897 913 948 nsolsrauu
937 897 1261 948 umunsauamusu.

846 1126 925 1193 Cae.
949 1125 1127 1193 CCCLIII.

465 1279 567 1344 Carta
597 1275 756 1360 Willelraa'
779 1277 909 1344 abbatis
932 1277 971 1343 (16
994 1278 1147 1364 quadam
1169 1275 1400 1362 assignatione
1421 1275 1513 1360 foeta

897 1380 1083 1446 concentui.

294 1539 435 1591 marabot
510 1531 673 1597 Omnibus
697 1537 819 1598 sanctae
843 1532 958 1596 matris
993 1533 1135 1598 ecelesias
1170 1530 1256 1609 filiis,
1281 1536 1315 1596 et
1346 1529 1511 1616 praecipue

295 1614 423 1723 {iffi
463 1634 639 1700 abbatibus
662 1639 697 1698 et
722 1633 880 1698 fmtribus
900 1635 936 1697 in
953 1633 1237 1699 Mslmesburiensi
1253 1632 1401 1698 coenobio
1417 1633 1512 1697 nobis

296 1747 450 1816 ventapen.
462 1736 665 1811 successuris,
687 1734 789 1799 frater
811 1732 996 1800 willelmus
1026 1735 1103 1802 licet
1126 1735 1282 1821 indignus
1314 1735 1511 1800 Malmesbu-

294 1821 351 1924 :iffi
361 1822 424 1924 {py-
462 1838 727 1904 riensiseoclesiae
743 1838 893 1903 minister
908 1839 1051 1915 humilis,
1066 1839 1205 1904 salutern
1221 1838 1256 1902 in
1272 1837 1413 1903 Domino
1429 1860 1513 1902 sem-

295 1939 405 1991 himself.
462 1943 633 2026 pitemam.
692 1939 856 2020 Quoniam
891 1940 978 2005 facta
1010 1939 1200 2006 mortalium
1232 1956 1290 2026 per
1323 1946 1508 2026 temporum

461 2043 679 2108 variationem
711 2047 746 2107 et
777 2042 987 2128 praelatorum
1022 2042 1239 2108 mutationem
1274 2042 1434 2108 oblivioni
1468 2042 1511 2107 de

459 2145 548 2211 facili
571 2146 759 2221 traduntur,
782 2145 847 2208 nisi
870 2145 1041 2231 scripturae
1064 2145 1221 2212 beneficio
1244 2146 1446 2222 muniantur,
1466 2145 1510 2210 ad

460 2249 686 2314 universitatis
709 2253 829 2314 vestrae
851 2248 1007 2314 noticiam
1031 2248 1183 2312 volumus
1217 2249 1397 2334 pervenire,
1420 2249 1510 2334 quod

458 2372 533 2416 oum
556 2356 737 2416 conventus
759 2355 871 2415 noster
893 2355 1035 2436 quatuor
1056 2373 1182 2416 marcas
1205 2351 1244 2415 (16
1268 2358 1392 2416 1661616
1408 2351 1508 2417 66616-

458 2453 515 2518 siae
549 2451 590 2518 de
622 2451 794 2530 Puretone‚
828 2457 1009 2537 praecentor
1034 2452 1115 2517 duas
1147 2473 1273 2517 marcas
1307 2453 1347 2517 (16
1383 2459 1507 2518 rectore

458 2556 601 2622 ecelesiae
624 2556 665 2621 de
688 2556 818 2642 Mynty,
843 2556 1053 2641 coquinarius
1076 2577 1176 2620 unam
1199 2577 1342 2622 maroam
1374 2557 1415 2620 de
1437 2577 1508 2622 rec-

458 2664 528 2724 tore
563 2658 704 2724 ecclesiae
748 2657 788 2722 de
823 2655 966 2735 Kemele,
1002 2658 1135 2722 nomine
1166 2657 1332 2742 pensionis
1367 2658 1508 2744 singulis

458 2760 553 2826 annis
585 2759 750 2845 percipere
783 2759 1038 2840 consuevissent,
1073 2781 1114 2824 ne
1152 2759 1310 2825 beneficia
1347 2761 1506 2826 fratribus

458 2861 578 2926 nostris
604 2860 771 2946 assignata
793 2866 939 2946 tempore
970 2860 1139 2947 regiminis
1173 2861 1277 2926 nostri
1310 2861 1507 2927 subtrahan-

457 2967 521 3040 tur,
544 2963 601 3027 sed
624 2963 734 3048 potius
757 2983 815 3047 per
848 2982 907 3026 nos
930 2967 1164 3027 conserventur
1186 2968 1221 3027 et
1242 2969 1508 3048 augmententur,

457 3064 530 3128 illos
553 3067 686 3130 centum
709 3063 828 3128 solidos
851 3085 933 3148 quos
955 3063 1095 3150 singulis
1122 3064 1218 3128 annis
1241 3065 1282 3129 ad
1306 3067 1505 3130 scaccarium

457 3173 606 3231 nostrum
629 3167 669 3232 (16
693 3167 815 3232 vicario
837 3166 878 3230 (16
903 3165 1038 3231 Κ6111616
1070 3166 1234 3252 percipere
1267 3168 1508 3244 consuevimus,

457 3269 623 3354 praedictis
653 3267 810 3332 fratribus
833 3267 954 3332 nostris
977 3267 1221 3353 imperpetuum
1243 3267 1507 3354 assignavimus:

457 3371 618 3448 videlicet,
635 3370 678 3436 ad
700 3370 879 3456 pitanciam
896 3372 1079 3434 conventus
1102 3375 1244 3454 quatuor
1266 3391 1401 3448 marcae,
1416 3393 1506 3457 pne-

457 3473 581 3537 centori
616 3471 813 3557 quicumque
848 3492 906 3557 pro
940 3477 1086 3556 tempore
1120 3471 1221 3536 fuerit
1254 3471 1339 3536 duas
1372 3495 1508 3553 marcas,

457 3574 645 3660 coquinario
668 3595 770 3639 unam
792 3595 941 3638 marcam.
989 3573 1034 3638 Et
1059 3573 1102 3638 ad
1117 3574 1378 3639 anniversarium
1401 3579 1508 3661 patris

457 3683 492 3742 et
529 3677 642 3742 matris
681 3697 762 3741 meae
799 3676 937 3763 singulis
971 3673 1070 3741 'annis
1103 3677 1226 3762 pariter
1259 3677 1295 3740 in
1339 3684 1507 3744 conventu

456 3779 651 3856 faciendum,
675 3779 847 3844 dimidiam
869 3799 1023 3844 marcam.
1068 3779 1123 3842 Ad
1144 3779 1215 3845 haee
1252 3781 1410 3846 beneficia
1431 3804 1508 3868 quoe

457 3883 497 3947 (16
530 3886 644 3947 nostro
678 3880 845 3966 adquisito
879 3880 976 3946 dictis
1007 3879 1166 3945 fratribus
1197 3881 1445 3968 assignavimus,
1485 3906 1508 3950 a

456 3984 576 4069 quibus
598 3983 744 4068 personis
775 3988 809 4048 et
842 3982 1040 4048 tenementis
1076 3982 1265 4060 debeantur,
1289 3988 1323 4048 et
1353 3984 1390 4048 in
1424 4007 1507 4070 quos

455 4111 534 4154 usus
566 4089 782 4175 assignentur,
805 4087 1023 4173 praesentibus
1056 4086 1193 4155 fecimus
1215 4089 1388 4154 annotari:
1411 4090 1505 4156 vide-

455 4192 541 4270 licet,
565 4191 605 4256 de
627 4197 715 4256 terra
738 4190 905 4275 quondam
921 4187 1100 4254 Clementis
1126 4189 1266 4276 Sporun,
1283 4191 1505 4279 quadraginta

455 4293 594 4372 solidos;
617 4293 657 4358 de
673 4293 769 4357 (161116
793 4314 866 4378 quae
881 4292 947 4356 fuit
962 4293 1127 4376 quondam
1143 4292 1166 4356 J
1167 4291 1306 4358 ohannis
1322 4294 1363 4359 de
1379 4293 1504 4360 Husse-

455 4397 559 4461 burne
578 4400 693 4460 contra
715 4396 747 4459 la
763 4395 909 4480 Gyauda
926 4395 1090 4461 sexdecim
1109 4395 1249 4474 solidos;
1273 4397 1412 4462 deterre
1426 4419 1503 4482 quae

455 4499 521 4564 fuit
543 4497 700 4562 Willelmi
723 4498 753 4562 le
778 4498 857 4562 Vrie
889 4498 929 4562 de
963 4497 1128 4574 Corstone,
1153 4498 1264 4564 decem
1299 4499 1438 4580 solidos;
1460 4501 1504 4566 (16

456 4601 552 4666 domo
575 4622 648 4685 quae
672 4599 738 4663 fuit
769 4599 903 4663 Thomae
935 4599 965 4664 le
1000 4600 1086 4664 Roer
1117 4599 1153 4662 in
1186 4599 1374 4686 Westeport
1400 4601 1503 4686 juxta

455 4703 587 4767 domum
621 4701 768 4766 Walteri.
792 4701 832 4765 de
866 4700 899 4765 la
932 4700 1063 4778 (lutere,
1090 4723 1149 4765 sex
1182 4702 1322 4780 solidos;
1346 4703 1387 4766 de
1409 4709 1501 4768 tene-

454 4811 565 4872 mento
596 4804 761 4889 quondam
788 4803 943 4868 Willelmi
977 4803 1138 4870 Janitoris
1170 4805 1205 4868 in
1242 4803 1365 4891 Magna
1387 4803 1502 4872 Strata
