3526 5810
520 885 720 936 nscrsrnun
745 884 1068 934 nannussusruusn.
1259 871 1322 942 293

264 1073 415 1161 cipimus,
430 1074 662 1140 illuminentur
676 1071 851 1160 praedicti¹
866 1071 1010 1162 viginti¹
1026 1073 1120 1150 cerei,
1135 1079 1170 1139 et
1184 1073 1323 1139 ardeant

266 1195 436 1262 quousque
474 1175 559 1241 illud
596 1171 739 1241 officium
772 1174 874 1240 firerit
911 1179 1184 1253 consummatum,
1218 1179 1253 1241 et
1286 1176 1322 1239 in

265 1275 408 1342 crastino
430 1276 529 1344 citius
559 1299 624 1363 quo
655 1278 755 1344 missa
787 1278 921 1363 incepta
951 1277 1060 1356 fucrit,
1092 1277 1323 1343 illuminentur

266 1377 438 1464 praedieti¹
457 1379 601 1466 vigintil
624 1379 716 1446 cerei.
763 1378 865 1444 Missa
879 1385 999 1445 autem
1022 1379 1185 1446 celebrata
1207 1379 1347 1444 statimf
1368 1393 1451 1445 aroc.

266 1480 513 1568 extinguantur,
537 1485 572 1547 et
601 1481 638 1545 in
668 1481 893 1547 anniversario
916 1481 1068 1567 praedicti
1094 1479 1233 1546 Walteri
1258 1480 1323 1545 Ga·

264 1580 325 1645 lun
348 1582 507 1648 similiter.
554 1581 639 1648 Oum
673 1583 774 1648 etiam
808 1582 1018 1668 coquinarius
1052 1584 1168 1649 domus
1200 1587 1323 1648 nostrae

266 1684 432 1771 percipere
454 1685 680 1750 consuevisset
709 1684 857 1750 adduce
880 1681 1039 1749 terminos
1072 1683 1112 1748 de
1146 1683 1323 1769 praeposito

266 1786 309 1851 de
331 1785 554 1852 Greddewelle
577 1786 689 1853 decem
716 1785 837 1851 solidos
860 1807 920 1871 pro
940 1791 1031 1850 terra
1053 1785 1095 1850 de
1118 1783 1322 1870 Houlrugge,

266 1891 301 1953 et
323 1909 383 1974 pro
414 1893 504 1954 terra
534 1909 608 1974 quae
642 1888 710 1952 fuit
741 1886 898 1952 Willelmi
934 1886 1060 1972 Paynel
1093 1888 1130 1951 in
1164 1886 1323 1951 Puritone

267 1989 413 2074 quinque
438 1988 558 2054 solidos
570 2011 579 2070 ;
608 1995 643 2054 et
677 1988 892 2074 pitanciarius
923 2010 985 2075 pro
1017 1994 1106 2054 terra
1140 2009 1242 2074 quam
1265 1987 1323 2052 Jo-

266 2091 392 2158 hannes
414 2092 446 2157 le
469 2093 543 2178 Boy
564 2093 674 2157 tenuit
698 2092 733 2155 in
756 2090 1022 2177 Brokyneberge‚
1039 2091 1080 2157 de
1102 2091 1198 2156 feodo
1221 2113 1325 2177 quon-

267 2193 345 2259 ‹lam
382 2191 563 2259 Clementis
596 2193 737 2280 Sporun,
772 2194 918 2279 quinque
952 2193 1073 2258 solidos
1105 2194 1149 2259 ad
1184 2198 1326 2279 quatuor

266 2295 347 2360 anni
362 2295 538 2374 terminos;
560 2299 595 2360 et
610 2317 669 2359 nos
691 2294 887 2380 praedictum
905 2294 1071 2360 redditum
1094 2295 1325 2381 praedictorum

267 2397 449 2482 coquinarii
472 2403 508 2462 et
529 2395 718 2483 pitanciarii
741 2396 886 2461 redditui
917 2401 1030 2461 nostro
1053 2418 1165 2461 annuo
1187 2397 1224 2460 in
1257 2419 1326 2462 ma-

267 2499 367 2564 neriis
393 2498 560 2585 praedictis
591 2499 889 2584 assignaverimus:
913 2520 981 2576 nos,
1005 2519 1047 2564 ne
1070 2498 1220 2563 redditus
1243 2520 1326 2585 prae-

269 2601 432 2666 dictorum
463 2600 645 2686 coquinarii
668 2605 703 2665 et
732 2599 922 2686 pitanciarii
948 2621 1006 2685 per
1029 2622 1088 2665 nos
1111 2600 1327 2670 diminuatur,

149 2689 154 2700 ⁵
268 2702 485 2768 concessimus
516 2702 605 2787 quod
628 2701 806 2787 praedictus
833 2701 1042 2786 coquinarius
1073 2702 1234 2788 percipiat
1259 2701 1327 2766 sin·

268 2803 355 2890 gulis
377 2803 473 2868 annis
496 2803 537 2868 de
560 2803 737 2889 praeposito
768 2803 808 2867 de
833 2802 969 2868 Kemele
993 2803 1104 2868 decem
1138 2801 1258 2867 solidos
1284 2802 1328 2867 ad

270 2907 352 2971 duos
373 2905 454 2970 anni
477 2905 642 2981 terminos,
659 2905 699 2970 dc
722 2909 811 2969 terra
833 2926 907 2990 quse
931 2904 996 2982 fuit
1014 2905 1148 2970 Ricardi
1171 2905 1201 2970 le
1225 2903 1326 2969 Olerk

270 3009 306 3072 in
339 3006 495 3085 Kemelc;
533 3011 568 3071 e'o
602 3005 642 3070 de
680 3005 794 3072 eodem
833 3007 1019 3092 praeposito,
1058 3011 1093 3071 et
1131 3005 1171 3071 de
1212 3006 1327 3072 eadem

270 3119 359 3175 terra
373 3108 455 3175 dicti
471 3109 605 3174 Ricardi
628 3107 658 3174 le
682 3106 794 3185 clerk,
810 3109 955 3195 quinque
979 3109 1099 3174 solidos
1120 3111 1163 3174 ad
1186 3113 1329 3194 quatuor

270 3211 351 3276 anni
382 3209 550 3276 terminos.
600 3209 645 3275 Et
679 3210 895 3296 pitanciarius
927 3211 968 3276 de
1004 3210 1118 3277 eodem
1152 3211 1328 3297 praeposito

271 3313 417 3400 quinque
440 3312 560 3377 solidos
584 3311 624 3376 de
645 3317 734 3377 terra
756 3313 915 3399 praedicta
935 3313 978 3378 ad
1001 3317 1143 3398 quatuor
1161 3312 1240 3377 anni
1263 3319 1329 3378 ter·
1379 3321 1386 3336 '

271 3415 386 3480 minos
432 3413 485 3478 Ne
507 3418 619 3478 autem
654 3413 725 3480 haec
759 3414 904 3500 provisio
936 3420 970 3478 et
1003 3414 1183 3499 assignatio
1217 3420 1330 3479 nostra

273 3539 332 3603 per
354 3515 516 3581 malitiam
539 3515 697 3600 temporis
720 3514 773 3579 vel
796 3516 1094 3601 permutationem
1118 3515 1329 3601 praelatorum

273 3619 384 3702 aliquo
414 3621 561 3702 tempore
593 3616 698 3701 possit
728 3617 861 3694 irritari,
883 3618 1021 3683 eandem
1055 3617 1163 3704 sigillo
1194 3617 1330 3682 humili·

274 3719 355 3784 tatis
389 3723 519 3793 noscrae,
544 3739 686 3784 unacum
718 3717 827 3803 sigillo
859 3719 995 3806 capituli
1027 3721 1140 3799 nostri,
1172 3720 1329 3784 duximus

275 3819 503 3886 roborandum.
550 3817 675 3883 Datum
702 3819 738 3882 in
769 3819 913 3905 capitulo
943 3825 1055 3885 nostro
1078 3819 1328 3898 Malmesbun‘ae,

274 3922 328 3989 die
359 3919 455 3986 Jovis
489 3920 641 4005 proxima
678 3927 756 3984 ante
788 3921 908 3986 festum
944 3921 1181 3987 Translationis
1213 3919 1329 3988 Sancti

279 4022 435 4089 Edwardi
458 4021 552 4107 regis,
575 4043 663 4086 anno
685 4021 821 4086 Domini
846 4039 922 4087 Moe.
947 4023 1143 4108 octogesimo
1166 4022 1306 4108 quarto,2

275 4161 735 4174 ι-ι--ο--ιῄ--ῄ
1015 4165 1142 4171 a—---.-...-
1158 4165 1211 4171 -—.
1237 4161 1325 4172 --—⁴

311 4215 322 4249 ²
340 4215 424 4265 These
442 4213 526 4262 words
544 4229 586 4263 arc
603 4212 703 4264 written
720 4229 781 4264 over
827 4219 842 4242 ⁸⁴
860 4213 958 4275 Portet,
970 4213 995 4262 in
1008 4229 1100 4280 magns
1123 4221 1204 4264 strata
1224 4213 1280 4274 sita,
1297 4231 1329 4264 cx

274 4309 309 4346 an
321 4307 430 4344 erasure.
828 4298 844 4320 “
862 4293 981 4357 opposito
1000 4293 1102 4354 erpelle
1115 4293 1234 4345 Omnium
1252 4293 1330 4344 Sanc-

315 4372 323 4405 ¹
340 4373 395 4422 Thc
407 4369 535 4433 following
546 4371 628 4442 nqrds
642 4370 707 4420 hauc
718 4371 781 4420 bren
827 4377 843 4400 ‘⁸
866 4363 1093 4434 commoveris.
1127 4373 1161 4422 Et
1178 4379 1216 4422 est
1233 4386 1330 4422 summa

279 4451 380 4502 written
400 4457 428 4500 at
444 4449 487 4500 the
507 4450 561 4500 foot
577 4449 606 4499 ci
623 4449 640 4498 f.
658 4453 715 4509 27³,
732 4451 783 4500 and
827 4453 846 4479 “
864 4450 942 4502 totius
962 4450 1143 4516 assignationis
1160 4449 1270 4515 xxiiij.s.
1283 4451 1330 4516 iiij.

276 4531 430 4584 allcrwarda
447 4527 565 4593 partially
585 4531 671 4579 erased
685 4529 784 4579 2-“Et
827 4535 846 4558 “
866 4528 907 4578 ἅθ’

308 4613 340 4662 dc
370 4610 448 4659 domo
473 4609 601 4672 quondam
623 4605 741 4660 Willclrni
761 4608 785 4658 le
