3524 5808
467 867 533 930 408
878 883 1057 934 seruumx
1082 885 1116 935 11.

292 1071 557 1156 wm.0f1ano'grug'
591 1072 1004 1156 Attagamtoncscverende
1035 1095 1133 1159 super
1164 1073 1337 1152 Schovore,
1369 1075 1406 1138 in
1440 1075 1520 1140 villa

290 1147 505 1264 {iffffltdc
530 1171 673 1250 Komele,
697 1178 861 1240 ettotam
891 1179 1013 1239 terram
1043 1195 1151 1240 meam
1182 1197 1282 1261 quem
1304 1176 1407 1241 habui
1431 1177 1518 1263 apud

294 1283 366 1328 1³0⁹·
464 1271 702 1352 Chalvecrofto,
726 1297 800 1362 quae
818 1277 910 1362 jacet
931 1278 967 1341 in
1002 1277 1131 1343 duabus
1165 1278 1316 1364 percellis
1347 1279 1382 1342 in
1406 1279 1516 1344 eadem

461 1375 550 1453 villa,
566 1382 600 1442 et
623 1399 727 1442 unum
750 1377 998 1463 ferthyndelum
1021 1384 1117 1444 terrae
1141 1401 1214 1464 quae
1238 1386 1288 1445 est
1303 1379 1518 1444 Westemostc

461 1477 666 1563 Ferthyndel
688 1480 724 1542 in
755 1479 984 1566 Wyteworthe
1017 1480 1052 1544 in
1086 1481 1199 1545 eadem
1234 1481 1324 1559 villa,
1347 1487 1382 1546 et
1416 1487 1518 1546 totam

459 1579 552 1644 illam
574 1603 683 1646 acram
705 1580 792 1646 sicut
819 1582 910 1666 jacet
933 1604 1007 1667 quae
1038 1587 1176 1648 vocatur
1206 1582 1517 1669 Barlichforlongea·

459 1683 651 1749 havedaker
683 1683 720 1748 in
752 1684 866 1750 eadem
898 1685 988 1750 villa.
1035 1685 1235 1750 Habendum
1270 1691 1305 1750 et
1339 1686 1517 1752 tenendum

459 1791 565 1852 totam
589 1786 782 1873 praedictam
798 1793 920 1852 terram
944 1808 1019 1852 cum
1040 1787 1193 1852 omnibus
1217 1788 1285 1853 suis
1308 1788 1517 1874 pertinentiis

457 1889 624 1975 praedictis
647 1888 762 1954 abbati
785 1894 820 1954 et
842 1889 1023 1955 conventui
1054 1895 1089 1954 et
1119 1911 1233 1954 eorum
1266 1890 1514 1970 successoribus,

456 1989 567 2070 libere,
584 1991 703 2076 quiete,
727 1991 810 2056 bene
833 1997 867 2056 et
890 1991 926 2055 in
949 2012 1038 2077 pace,
1061 1992 1314 2078 imperpetuum,
1336 1993 1373 2056 in
1396 2015 1515 2059 escam-

457 2093 550 2158 bium
573 2115 633 2179 pro
655 2098 728 2158 tota
755 2099 844 2158 terra
874 2115 973 2179 quam
1009 2092 1160 2180 praedicti
1183 2094 1284 2161 abbas
1319 2100 1353 2160 et
1375 2116 1515 2161 conven-

407 2183 410 2194 ’
456 2201 511 2260 tus
534 2195 724 2261 habuerunt
747 2196 783 2260 in
805 2196 865 2262 illa
880 2196 1012 2262 cultura
1035 2219 1109 2282 quae
1124 2202 1265 2264 vocatur
1280 2197 1317 2264 lu
1332 2196 1515 2284 Coloe-rhoffi

456 2320 556 2383 quam
594 2303 717 2364 terram
750 2298 939 2364 Willelmus
974 2297 1076 2377 Wixi,
1111 2299 1283 2366 Johannes
1321 2301 1449 2366 Sebarn
1480 2306 1514 2366 et

455 2400 624 2465 lohannes
647 2399 843 2486 Wodeprest
866 2407 1045 2467 tenuerimt
1076 2402 1118 2466 de
1141 2401 1309 2488 praedictis
1338 2402 1460 2467 abbate
1483 2407 1517 2466 et

455 2508 621 2568 conventu
655 2504 691 2566 in
721 2503 939 2591 villenagium
974 2503 1146 2568 incudem
1178 2504 1261 2570 villa
1293 2504 1333 2569 dc
1369 2504 1514 2570 Kemele.
1549 2533 1555 2538 ·

455 2605 556 2671 Salva
588 2614 701 2672 temen
736 2628 803 2672 uns
834 2606 977 2692 parcella
998 2611 1095 2672 terrae
1130 2628 1204 2692 quae
1238 2608 1427 2693 assignatur
1456 2627 1515 2693 pro

454 2707 629 2793 curtilagio
651 2708 802 2794 praedicti
826 2707 987 2773 Willelmi
1010 2707 1111 2786 wiri,
1135 2708 1222 2774 sicut
1243 2709 1367 2774 bundae
1390 2713 1514 2774 testau-

454 2815 518 2874 tur.
565 2811 609 2874 Et
642 2810 679 2874 in
711 2810 912 2876 escambium
945 2831 1004 2896 pro
1038 2831 1106 2876 una
1136 2811 1281 2898 parcella
1311 2817 1409 2877 terrm
1440 2834 1514 2897 quae

449 2912 540 2998 jacet
562 2913 604 2976 ad
628 2919 728 2998 caput
742 2912 881 2978 culturae
905 2911 945 2990 ds
961 2912 997 2976 lc
1016 2911 1176 2980 Garatom
1192 2934 1235 2978 ex
1257 2919 1352 2999 parte
1367 2913 1514 2984 australi,

453 3019 488 3078 et
510 3019 561 3078 eet
584 3016 730 3080 maxima
753 3037 828 3101 pars
852 3015 942 3079 illius
966 3020 1064 3080 terrae
1087 3039 1161 3102 quse
1192 3016 1434 3102 Smythesaker
1455 3038 1513 3104 ap

452 3117 603 3202 pellatur
650 3117 775 3182 Ramisi
810 3119 911 3183 etiam
949 3123 984 3183 et
1018 3119 1152 3183 omnino
1187 3119 1339 3204 quietum
1363 3119 1513 3198 clamavi,

453 3219 494 3285 de
517 3243 569 3284 me
592 3225 626 3284 et
640 3220 817 3286 heredibus
840 3221 932 3298 meis,
954 3220 1122 3306 praedictis
1137 3221 1252 3288 abbati
1274 3227 1309 3287 ct
1332 3222 1513 3288 conventui

452 3327 486 3386 et
508 3345 621 3388 eorum
643 3323 883 3389 successoribus
906 3324 1160 3409 imperpetuum,
1181 3329 1291 3390 totum
1309 3324 1368 3410 jus
1392 3331 1427 3392 et
1448 3325 1514 3411 cla·

451 3425 555 3490 mium
578 3427 667 3512 quod
689 3425 801 3506 habui,
817 3425 871 3491 vel
887 3425 998 3511 aliquo
1020 3427 1118 3492 modo
1139 3427 1261 3494 hebere
1284 3428 1388 3514 potui,
1403 3429 1440 3492 in
1454 3429 1513 3494 illa

450 3535 587 3616 pastura
609 3551 683 3615 quae
707 3528 989 3614 Goldwynasham
1011 3529 1207 3616 appellatur,
1231 3529 1324 3596 etin
1346 3529 1514 3616 capitibus

450 3637 566 3698 contra
599 3630 1003 3717 Wyuemanuesiorlonge.
1058 3631 1114 3698 Ita
1144 3631 1300 3699 videlicet
1331 3633 1422 3717 quod
1451 3653 1513 3699 nec

450 3757 510 3822 ego
533 3734 710 3822 praedictus
746 3733 922 3814 Galfridus,
947 3755 1008 3800 nec
1041 3733 1177 3800 heredes
1209 3736 1283 3814 mci,
1306 3757 1369 3801 nec
1391 3735 1512 3821 aliquis

450 3859 509 3924 per
531 3859 590 3904 nos
613 3859 671 3903 seu
702 3858 761 3923 pro
795 3837 900 3914 nobis,
927 3855 988 3902 uec
1018 3837 1139 3922 aliquis
1172 3838 1306 3903 nomine
1329 3843 1450 3915 nostro,
1473 3837 1511 3902 in

449 3941 609 4027 praedicta
631 3945 768 4026 pastura
788 3961 850 4005 nec
872 3939 908 4003 in
923 3939 1089 4025 praedictis
1112 3939 1276 4026 capitibus
1299 3961 1361 4006 nec
1383 3939 1420 4004 in
1441 3939 1512 4004 solo

450 4045 638 4122 eorundem,
653 4063 715 4108 nec
737 4043 843 4108 etism
862 4042 899 4106 in
915 4041 1029 4128 aliqua
1051 4043 1231 4108 earundem
1253 4043 1359 4129 parte,
1374 4041 1511 4129 aliquod

445 4146 503 4230 jus
526 4145 579 4211 vel
603 4145 758 4212 clamium
784 4146 825 4210 de
850 4149 968 4210 coetero
992 4145 1122 4231 exigere
1146 4145 1328 4230 poterimus
1350 4143 1404 4210 vel
1428 4167 1512 4210 vcn-

452 4249 569 4314 dicare.
616 4249 658 4313 In
681 4248 774 4332 cujus
809 4246 857 4310 rei
893 4247 1121 4312 testimonium
1154 4252 1351 4334 praesentem
1384 4252 1509 4314 aarum

452 4351 553 4438 sigilli
584 4349 650 4414 mei
684 4349 899 4435 impressione
931 4350 1093 4415 roboravi.
1147 4349 1225 4414 Hiis
1248 4349 1402 4428 testibus,
1425 4348 1511 4415 Wil-

451 4454 548 4519 lelmo
587 4453 707 4530 Scolas,
738 4451 890 4518 Johenne
924 4453 964 4518 de
996 4451 1254 4538 Hanekyntone‚
1286 4451 1434 4518 Waltero
1466 4453 1512 4518 de

452 4557 530 4634 Bae,
565 4555 711 4621 Waltero
754 4553 892 4640 Rysum‚
926 4552 1082 4620 Johanne
1119 4554 1161 4620 de
1199 4554 1331 4633 Combe,
1367 4555 1511 4622 Ricardo

452 4658 564 4723 Parfet
598 4659 639 4722 de
670 4657 703 4722 la
735 4656 808 4734 Lee,
843 4657 971 4742 Rogero
1003 4657 1144 4736 Hasard‚
1179 4662 1214 4722 et
1244 4657 1326 4723 aliis.
1381 4657 1511 4723 Datum

451 4763 539 4849 apud
564 4761 839 4840 Malmesburiam,
863 4761 916 4826 dic
949 4761 1088 4828 Sabbati
1110 4762 1262 4849 proxima
1283 4767 1361 4828 aute
1384 4762 1507 4828 festum
