3526 5810
459 856 523 920 304
712 875 908 928 samsmuu
933 879 1258 934 uirtumsumausa.

459 1061 584 1127 dictum
632 1063 801 1130 dominum
858 1067 1012 1133 abbatem
1061 1069 1307 1136 Malrnesburiae
1354 1083 1512 1138 remanet

455 1264 654 1351 octogesimo
677 1267 802 1354 quinto.

810 1509 890 1578 OsP.
915 1510 1141 1579 ooooxxss.

456 1661 561 1728 saruc
585 1663 670 1748 repis
699 1662 893 1728 Emlwordi
923 1663 963 1728 dc
994 1663 1135 1730 licentio
1166 1685 1318 1730 commeo
1339 1665 1456 1732 abbati
1478 1674 1508 1734 et

542 1764 723 1832 conventui
759 1764 1012 1832 Molmeslrurioe
1053 1765 1101 1844 ud
1149 1765 1341 1832 laciendum
1380 1775 1507 1836 terrum

541 1889 647 1954 quana
675 1866 859 1932 Willolmus
890 1867 925 1932 lo
963 1867 1067 1934 Woitc
1098 1875 1128 1934 ct
1158 1867 1289 1934 Edicta
1320 1892 1408 1936 uuor
1434 1871 1506 1956 ejus

540 1969 642 2036 dictis
663 1969 777 2036 abbati
803 1977 833 2036 ct
856 1969 1036 2036 commui
1061 1969 1228 2037 odeum
1254 1971 1297 2036 iu
1316 1972 1504 2060 Kyuqtour.

283 2127 422 2204 nnumin
497 2121 679 2187 Edwardus
709 2121 773 2187 Dei
806 2121 916 2208 gratia
950 2143 1008 2186 rex
1032 2121 1174 2208 Angliae,
1197 2122 1351 2187 dominus
1374 2122 1506 2210 Hybet-

282 2194 431 2311 lfflffld
452 2223 517 2288 nioe
552 2227 586 2288 et
616 2224 687 2288 dux
712 2223 914 2309 Aquitaniae,
950 2222 1104 2288 omnibus
1136 2224 1180 2288 ad
1212 2244 1294 2309 quos
1328 2231 1505 2310 praesentes

285 2326 369 2377 urna
452 2325 574 2390 litterae
596 2325 819 2412 pervenerint,
842 2324 993 2389 salutem.
1040 2323 1135 2389 Licet
1166 2324 1207 2389 de
1238 2326 1405 2392 communi
1429 2349 1503 2393 con·

278 2399 400 2520 popppnc
453 2427 528 2494 cilio
550 2428 644 2514 regni
666 2427 771 2494 nostri
805 2427 1046 2512 providerimus
1080 2427 1169 2512 quod
1202 2449 1270 2494 non
1301 2427 1400 2495 liceat
1422 2431 1504 2496 viris

452 2529 613 2615 religiosis
643 2551 701 2595 seu
735 2529 810 2594 aliis
842 2528 971 2614 ingredi
1003 2527 1137 2593 feodum
1169 2527 1319 2615 alicujus,
1342 2531 1393 2597 ite
1414 2533 1503 2618 quod

449 2632 493 2699 ad
515 2637 677 2699 mortuam
709 2653 844 2697 menum
875 2631 1040 2707 deveniat,
1071 2631 1142 2695 sine
1173 2629 1309 2698 licentia
1331 2638 1445 2700 nostra
1467 2639 1503 2700 et

448 2734 599 2821 capitalis
630 2735 765 2811 domini,
789 2734 829 2799 de
863 2754 927 2819 quo
962 2755 1014 2798 res
1046 2733 1105 2799 illa
1136 2733 1316 2800 inmediste
1351 2739 1503 2817 tenetur3

447 2837 596 2903 volentes
630 2842 743 2901 tamen
777 2835 898 2900 dilecto
930 2834 1026 2901 nobis
1049 2833 1217 2901 Willelmo
1250 2835 1283 2902 la
1306 2836 1436 2922 Wayte,
1466 2845 1501 2905 et

448 2939 582 3006 Edithae
604 2938 701 3003 uxori
732 2937 812 3021 ejus,
835 2935 978 3020 gratiam
1010 2935 1119 3000 facere
1142 2934 1326 3022 specialem,
1350 2938 1500 3004 dedimus

447 3046 495 3109 eis
517 3042 687 3110 licentiam
718 3045 881 3126 quantum
914 3040 951 3103 in
985 3039 1082 3105 nobis
1114 3045 1174 3116 est,
1209 3040 1298 3126 quod
1320 3042 1446 3128 viginti
1468 3049 1502 3109 et

448 3151 515 3211 tres
545 3165 636 3210 acras
666 3149 763 3208 terrae
796 3164 871 3234 curn
904 3141 1116 3227 pertinentiis
1148 3143 1184 3206 in
1208 3142 1399 3229 Kyngtone,
1422 3145 1501 3211 dare

448 3246 576 3332 possint
598 3249 632 3309 et
654 3245 821 3328 assignare
844 3242 974 3307 dilectis
990 3240 1087 3307 nobis
1109 3241 1146 3306 in
1170 3241 1305 3308 Christo
1327 3243 1442 3310 abbati
1465 3251 1499 3311 et

447 3353 626 3419 conventui
649 3351 689 3415 de
706 3348 950 3424 Malmesburis,
973 3347 1135 3412 tenendas
1167 3353 1202 3412 et
1234 3346 1404 3414 habendas
1435 3350 1498 3414 sibi

446 3462 481 3522 et
495 3452 733 3521 successoribus
756 3451 824 3516 suis
840 3451 1084 3535 imperpetuum
1100 3475 1107 3528 ;
1131 3456 1166 3515 et
1181 3450 1303 3515 eisdem
1327 3451 1442 3517 abbati
1465 3458 1499 3518 et

445 3557 633 3633 conventui,
668 3554 756 3639 quod
794 3551 987 3638 prmdictam
1025 3557 1148 3616 tenum
1183 3551 1226 3616 ab
1260 3552 1383 3618 eisdem
1415 3553 1499 3618 Wil-

443 3659 542 3724 lelmo
565 3663 600 3722 et
616 3654 740 3720 Editha
762 3653 905 3739 recipere
928 3651 1065 3738 possint,
1080 3658 1195 3717 tenore
1218 3655 1430 3738 praesentium
1453 3655 1498 3718 si·

444 3760 568 3825 militer
588 3758 756 3824 licentiam
780 3755 989 3822 concedimus
1011 3754 1212 3840 specialem
1233 3755 1384 3821 nolentes
1407 3758 1495 3842 quod

444 3863 544 3927 iidem
570 3859 672 3926 abbas
702 3864 737 3923 et
767 3862 959 3936 conventus,
981 3877 1038 3920 seu
1071 3856 1220 3941 praedicti
1244 3855 1431 3923 Willelmus
1462 3864 1496 3925 ct

444 3964 576 4041 Editha,
600 3961 728 4027 ratione
762 3959 883 4024 statuti
918 3957 1078 4044 praedicti,
1100 3978 1160 4042 per
1191 3979 1251 4023 nos
1276 3958 1330 4024 vel
1360 3958 1495 4026 heredes

442 4071 571 4131 nostros
604 4063 682 4129 inde
714 4061 962 4128 occasionantur
1000 4059 1036 4124 in
1073 4057 1185 4146 aliquo
1217 4059 1271 4124 vel
1304 4066 1494 4146 graventur.

442 4168 551 4234 Salvis
582 4171 694 4230 tamen
727 4162 926 4250 capitalibus
956 4161 1099 4227 dominis
1121 4161 1210 4226 feodi
1235 4161 1325 4227 illius
1347 4163 1495 4228 serviciis

441 4271 518 4336 inde
549 4269 670 4334 debitis
701 4270 736 4332 et
767 4266 939 4332 consuetis.
986 4264 1028 4327 In
1060 4262 1154 4347 cujus
1185 4263 1233 4328 rei
1267 4264 1494 4330 testimonium

440 4373 502 4437 has
524 4371 655 4436 litteras
678 4374 808 4435 nostras
831 4369 903 4432 fieri
926 4367 1065 4432 fecimus
1096 4370 1260 4450 patentes.
1307 4366 1406 4432 Teste
1429 4389 1497 4434 me-

440 4475 512 4562 ipso
550 4469 640 4559 aponi
679 4471 874 4556 Langeleye,
898 4469 1054 4533 vicesimo
1092 4467 1234 4553 septimo
1272 4467 1326 4533 die
1362 4469 1496 4556 Aprilis,

439 4598 526 4643 anno
549 4575 645 4661 regni
668 4573 773 4638 nostri
796 4570 1032 4637 tertiodecimo.
1079 4567 1247 4635 Irestede.l

651 4771 658 4804 ¹
673 4771 794 4822 lincolled
806 4785 839 4820 on
852 4769 942 4820 Putem
953 4767 1018 4824 Roll,
1033 4771 1062 4815 13
1076 4765 1148 4816 Edw.
1161 4765 1181 4815 Ι.
1194 4780 1227 4815 m.
1240 4771 1280 4818 25.
