3578 5808
560 903 759 956 nnolssaom
783 903 1106 954 Msnmnssnmnnsn.
1318 891 1359 953 91

306 1116 418 1162 corum
453 1094 698 1172 successoribus,
730 1097 843 1159 contra
874 1114 987 1159 omnes
1017 1093 1170 1159 mortales
1202 1093 1363 1179 imperpe-

307 1205 402 1262 tuum
425 1197 723 1263 warantizabimus.

351 1300 396 1364 Et
418 1306 458 1365 ut
480 1299 551 1364 haec
574 1319 648 1364 mea
670 1299 806 1363 donatio
830 1304 864 1362 et
891 1299 1053 1364 concessio
1075 1299 1176 1364 robur
1210 1304 1361 1384 perpetu·

306 1401 399 1465 itatis
422 1401 606 1486 optineant,
626 1400 713 1465 hanc
728 1405 852 1465 cartam
869 1399 991 1465 eisdem
1015 1400 1129 1465 abbati
1145 1407 1180 1464 et
1194 1400 1361 1466 monachis

307 1503 376 1579 feci,
399 1508 434 1567 et
456 1502 564 1588 sigillo
587 1524 660 1566 meo
683 1502 821 1587 signavi.
868 1501 944 1566 Hiis
968 1502 1116 1567 testibus

678 1776 773 1844 OAP.
802 1777 986 1845 COXXXI.

309 1939 533 2029 Coaficmotio
563 1943 702 2010 Wolteci
725 1942 765 2010 de
787 1943 1019 2010 Donatoacite
1042 1943 1083 2009 de
1105 1942 1229 2010 eisdem
1261 1944 1361 2010 taooa's

583 2049 622 2114 da
648 2045 822 2112 Philomede
845 2054 874 2112 et
896 2045 1083 2112 Bcohctoae.

353 2211 468 2277 Sciant
493 2218 673 2299 praesentes
699 2219 733 2278 et
762 2212 877 2290 futuri,
909 2213 997 2298 quod
1033 2234 1092 2300 ego
1126 2212 1292 2280 Waltcrus
1319 2215 1359 2280 de
1374 2218 1514 2294 confirma-

307 2314 530 2380 Dunstanviic
586 2316 717 2404 inspexi
753 2322 877 2381 cartam
926 2314 1056 2380 abbatis
1098 2323 1133 2380 et
1177 2287 1517 2402 conventusffigf‘he

308 2415 557 2496 Malmasburiae‚
590 2439 690 2502 quam
724 2417 892 2484 dohannes
927 2416 958 2482 le
1005 2418 1100 2505 Lung
1126 2418 1206 2484 fecit
1237 2421 1359 2486 eisdem

307 2518 421 2585 abbati
444 2527 479 2586 et
502 2521 690 2597 conventui,
723 2521 763 2585 de
794 2526 866 2586 tota
900 2526 995 2598 terra,
1031 2527 1065 2587 at
1095 2521 1135 2586 de
1163 2527 1234 2588 toto
1270 2528 1360 2588 tene-

308 2628 420 2688 mento
443 2644 517 2688 cum
543 2623 697 2688 omnibus
724 2623 944 2709 pertinentiis,
968 2623 1056 2709 quod
1079 2624 1198 2690 habuit
1232 2626 1268 2689 in
1301 2649 1359 2714 pa-

308 2724 419 2790 rochia
446 2725 487 2790 de
513 2724 651 2791 Colernc
676 2730 710 2790 et
738 2726 774 2789 in
804 2725 999 2803 Brochtonc,
1025 2725 1119 2812 eujus
1154 2733 1248 2794 tenor
1281 2730 1359 2795 talis

309 2831 375 2891 est:

354 2929 501 2996 “Sciant
538 2935 715 3017 praesentes
758 2935 792 2994 et
826 2928 932 2994 futuri
973 2931 1061 3016 quod
1095 2953 1155 3018 ego
1191 2930 1360 2998 Johanncs

308 3037 324 3064 “
347 3029 378 3094 lc
401 3032 499 3118 Lung
521 3032 561 3096 dc
595 3031 741 3114 picwode
764 3030 851 3107 dedi,
874 3032 1026 3108 concessi,
1049 3038 1084 3097 et
1118 3033 1181 3097 hac
1204 3037 1360 3120 praesenti
1373 3041 1391 3091 f·
1404 3040 1486 3092 208b·

308 3139 325 3165 ‘⁸
349 3137 438 3199 carta
461 3154 534 3198 mea
546 3133 747 3208 confirmavi,
766 3132 837 3196 Deo
859 3137 894 3197 et
917 3132 1060 3198 ecelesiae
1079 3133 1169 3198 beati
1190 3134 1359 3216 Aldhelmi

308 3242 325 3268 “
348 3235 389 3299 dc
421 3234 663 3310 Malmcsburia,
694 3239 728 3298 et
760 3232 926 3298 Willelmo
962 3234 1079 3300 abbati
1119 3242 1153 3299 et
1192 3238 1360 3303 monachis

308 3336 470 3402 “ibidem
502 3337 574 3402 Deo
607 3335 835 3413 servientibus,
872 3342 978 3401 totam
1020 3341 1143 3403 temam
1183 3345 1218 3403 et
1251 3345 1359 3405 totum

309 3446 324 3472 “
347 3444 581 3516 tenementum,
613 3459 688 3505 cum
719 3438 871 3502 omnibus
902 3439 1111 3524 pertinentiis
1151 3441 1228 3517 suis,
1271 3443 1360 3527 quod

307 3549 324 3576 ‘⁴
348 3540 449 3608 habui
487 3541 523 3605 in
556 3540 702 3624 picwode
738 3540 775 3603 in
809 3540 964 3624 parochia
1000 3541 1040 3606 de
1077 3540 1215 3608 Goleme
1250 3555 1285 3609 et
1323 3545 1359 3608 in

307 3652 324 3678 “
348 3643 542 3720 Brohctone,
567 3664 666 3728 quam
692 3642 826 3728 quidem
852 3648 974 3707 terram
998 3643 1039 3708 de
1073 3644 1260 3718 Brohctone
1283 3667 1358 3712 cum
1478 3723 1480 3729 Ι

306 3745 536 3810 “molendino
568 3744 670 3809 Alina
694 3765 778 3809 uxor
812 3745 978 3829 quondam
1011 3745 1180 3832 Radulphi
1212 3748 1253 3813 de
1279 3756 1358 3833 pyc-

306 3855 324 3880 “
348 3847 441 3913 wodo
468 3851 561 3913 tenet
583 3846 620 3911 in
646 3846 765 3924 dotem,
793 3851 828 3910 et
850 3868 949 3931 quam
973 3852 1095 3913 terram
1130 3870 1204 3914 cum
1236 3849 1356 3915 molen-

306 3958 324 3983 “
348 3949 426 4015 dino
449 3955 484 4014 et
506 3948 580 4013 aliis
611 3948 820 4034 peitinentiis
853 3949 921 4013 suis
953 3949 1051 4015 Petro
1084 3950 1124 4015 dc
1157 3950 1358 4028 Semintone,

307 4059 324 4084 “
348 4051 420 4114 viro
443 4050 547 4136 ipsius
570 4049 689 4128 Alinae,
705 4049 748 4114 ad
765 4049 870 4114 vitam
893 4051 996 4136 ipsius
1015 4051 1105 4115 Petri
1129 4058 1260 4118 tantum
1284 4075 1359 4120 con-

307 4163 324 4187 “
348 4155 437 4230 cessi,
471 4154 498 4218 si
533 4155 639 4240 ipsam
673 4153 808 4218 Atinam
836 4155 1078 4240 supervixerit;
1109 4163 1247 4242 excepta
1282 4159 1359 4223 dote

307 4263 324 4290 “
347 4255 515 4341 pradiccae
546 4261 642 4320 terme
677 4255 717 4320 de
750 4255 944 4334 Brohctone,
975 4278 1074 4341 quam
1105 4257 1242 4323 Juliana
1275 4281 1360 4324 uxor

307 4366 324 4392 “
349 4359 513 4444 quondam
537 4357 705 4443 Radulphi
738 4358 778 4422 de
801 4357 957 4442 pycwode
981 4359 1117 4424 senioris
1145 4365 1254 4439 tenet;
1285 4385 1359 4447 quse

307 4468 325 4494 “
349 4461 482 4546 quidam
516 4467 604 4526 terra
635 4461 674 4525 da
691 4546 693 4552 Α
711 4459 895 4525 Brohctonc
931 4467 964 4526 et
998 4460 1039 4525 de
1071 4462 1225 4545 piewode,
1259 4487 1358 4549 quam

306 4573 325 4598 “
350 4564 438 4630 dicta
460 4564 598 4630 Juliana
621 4569 713 4629 tenet
737 4564 772 4628 in
797 4563 916 4642 dotem,
941 4565 984 4630 ad
1007 4566 1180 4651 predictos
1204 4567 1358 4633 abbatem

306 4673 324 4700 ‘⁸
350 4672 384 4731 et
416 4674 616 4734 conventum
647 4673 724 4754 post
756 4667 922 4732 decessum
961 4667 1065 4754 ipsius
1101 4668 1256 4747 Julianae,
1289 4672 1359 4736 sine

306 4771 460 4860 “aliqua
490 4771 758 4850 contradictione,
794 4777 1000 4844 revertetur:
1034 4772 1219 4840 habendam
1250 4780 1285 4840 et
1312 4781 1359 4841 te-
