3566 5820
439 889 503 954 142
692 907 890 956 ssorsrnmr
915 907 1240 959 nnnusssunrrrss

431 1094 633 1160 fossatorum
657 1098 709 1161 vcl
733 1097 908 1162 clausturre
942 1120 1031 1174 nreae,
1056 1120 1155 1184 quarn
1187 1099 1321 1183 quidem
1352 1100 1489 1166 croftam

436 1198 482 1260 eis
498 1199 640 1263 concessi
664 1197 896 1264 includendam
913 1221 1069 1265 unacum
1085 1202 1183 1265 bosco
1199 1207 1234 1264 ct
1256 1206 1352 1287 prato
1368 1224 1488 1279 eorum,

435 1319 502 1362 non
540 1298 638 1364 liceat
668 1300 760 1378 mihi,
792 1301 846 1364 rel
881 1301 1055 1365 heredibus
1090 1324 1147 1366 sen
1182 1304 1360 1388 assignatis
1399 1306 1489 1382 meis,

437 1401 526 1464 dicta
549 1403 663 1466 averia
693 1403 880 1487 inparkare,
905 1403 958 1466 vcl
989 1403 1116 1488 aliquid
1148 1426 1207 1490 pro
1231 1405 1374 1492 dampno
1405 1407 1490 1471 facto

436 1503 576 1588 exigere.

480 1602 633 1670 Concessi
656 1607 791 1691 insuper
816 1607 913 1671 dictis
936 1607 1049 1671 abbati
1073 1613 1107 1671 ct
1123 1609 1302 1672 conventui
1325 1614 1486 1673 eteorum

434 1704 624 1770 hominibus
656 1707 849 1790 chyminum
883 1714 917 1773 ct
940 1707 1092 1773 chaccam
1115 1709 1157 1773 ab
1181 1709 1333 1774 orientali
1365 1711 1487 1796 angulo

435 1807 557 1884 emitae,
584 1807 686 1893 ‚juxta
717 1831 868 1874 mansum
892 1831 1012 1888 corum,
1037 1811 1147 1875 decem
1179 1812 1357 1896 perticatas
1390 1818 1487 1878 terrm

435 1911 471 1974 in
494 1909 637 1995 longum,
661 1933 774 1975 versus
797 1913 968 1989 orientem,
986 1914 1089 1996 ‚juxta
1111 1913 1201 1977 viam
1225 1914 1485 1998 praetendentem

436 2033 549 2076 versus
580 2011 613 2078 la
635 2013 861 2100 Wodebrigge‚
885 2021 920 2079 ct
943 2015 1024 2080 duas
1055 2017 1234 2102 perticatas
1258 2021 1292 2080 et
1315 2016 1485 2082 dimidiam

436 2114 607 2192 inlatum,
631 2137 703 2181 cum
728 2117 849 2182 fossato
872 2117 1039 2182 includere
1062 2117 1256 2204 praedictum
1282 2117 1469 2181 chiminum.

481 2215 524 2279 Et
547 2217 583 2279 in
606 2218 831 2283 testimonium
855 2219 956 2302 hujus
979 2219 1203 2295 concessionis,
1229 2219 1429 2283 remissionis
1452 2225 1486 2283 et

434 2318 555 2402 quietae
585 2319 780 2396 clamentiae,
803 2321 865 2385 hoc
888 2323 1047 2407 scriptum
1071 2321 1193 2386 eisdem
1217 2321 1330 2388 abbati
1353 2327 1387 2388 et
1410 2343 1485 2387 con-

434 2424 550 2490 ventui
573 2425 644 2502 leci,
668 2431 702 2490 et
725 2427 834 2512 sigillo
858 2449 929 2492 mco
953 2428 1091 2512 signavi.

814 2685 892 2750 Car.
918 2684 1107 2751 OOLXXV.

335 2881 340 2890 .
436 2834 537 2899 Corte
549 2835 644 2921 fucta
660 2835 786 2919 Ropero
807 2836 846 2900 (lc
864 2836 1032 2901 Olrerleton
1054 2835 1262 2922 deprendam
1283 2843 1373 2902 terro
1388 2836 1484 2922 apud

840 3029 844 3034 Ι
855 2937 1098 3022 llipnelfsrrrtlrc.

478 3076 651 3141 Universis
675 3076 800 3142 Christi
831 3076 982 3141 fidelibus
1006 3098 1149 3162 praesens
1180 3079 1338 3162 scriptum
1363 3078 1483 3140 visuris

433 3176 486 3241 vel
501 3177 673 3254 audituris,
689 3177 873 3242 Willelmus
897 3177 959 3241 Dei
975 3178 1084 3262 gratia
1107 3178 1207 3242 abbas
1232 3176 1483 3254 Malmesburisc,

433 3286 467 3343 ct
489 3278 635 3365 ejusdcm
658 3280 720 3344 loci
743 3285 933 3356 conventus,
956 3278 1097 3342 salutem
1120 3280 1155 3343 in
1180 3277 1333 3358 Domino,
1373 3279 1483 3343 Nove-

432 3381 477 3445 rit
498 3382 695 3445 universitas
721 3391 829 3445 restra
852 3402 911 3444 nos
934 3382 1128 3446 concessisse
1156 3387 1190 3444 et
1213 3381 1366 3465 praesenti
1393 3385 1483 3444 carta

432 3488 545 3547 nostra
579 3482 788 3546 confirmasse
827 3481 947 3546 dilecto
982 3487 1017 3546 et
1050 3481 1140 3546 fideli
1175 3481 1335 3572 servienti
1371 3487 1482 3545 nostro

433 3583 559 3668 Rogero
590 3583 630 3646 de
654 3582 860 3660 Chorlctonc,
884 3589 989 3646 totam
1021 3589 1142 3647 terram
1175 3603 1274 3668 quam
1306 3582 1483 3647 habuimus

432 3686 468 3749 in
491 3685 549 3751 illa
570 3685 674 3750 crofta
696 3707 770 3770 qure
788 3685 878 3769 jacet
907 3687 943 3749 in
966 3685 1118 3750 orientali
1149 3693 1241 3772 parte
1265 3707 1376 3772 graves
1399 3706 1482 3771 prse-

433 3788 513 3853 dicti
553 3788 680 3872 Rogeri,
720 3789 807 3872 apud
848 3786 1096 3872 Wynelrcwrpc,
1135 3809 1237 3873 usqne
1280 3790 1321 3852 ad
1360 3786 1481 3872 heyam

432 3889 726 3976 proximamoreo1¹
749 3911 860 3976 gravae
883 3890 1034 3975 praedicti
1057 3889 1177 3976 Rogeri
1193 3912 1307 3954 versus
1323 3890 1483 3956 orientem

432 4014 506 4058 cum
545 3993 632 4076 haya
669 3992 833 4078 praedicta.
912 3990 1138 4056 Concessimus
1177 3991 1277 4056 etiam
1326 3991 1483 4078 praedicto

432 4096 559 4182 Rogero
583 4095 670 4179 quod
693 4096 796 4180 possit
825 4095 959 4160 boscum
994 4115 1090 4158 suum
1122 4099 1156 4159 et
1179 4099 1312 4180 pratum
1343 4094 1379 4158 in
1401 4095 1483 4160 occi-

432 4198 557 4263 dentali
581 4202 675 4283 parte
698 4197 786 4260 bosci
810 4197 869 4272 sui,
887 4201 921 4260 et
942 4195 1134 4280 praedictam
1158 4195 1304 4272 crottam,
1322 4195 1358 4258 in
1374 4193 1484 4260 clauso

432 4308 467 4364 et
489 4300 621 4365 defenso
644 4305 764 4375 tenere,
787 4297 857 4362 sine
883 4297 995 4381 aliqua
1017 4295 1283 4373 contradictione,
1307 4296 1483 4368 vexatione

431 4402 485 4466 rel
508 4401 737 4466 reclamatione
760 4399 865 4463 nostri
886 4399 940 4462 vel
964 4419 1184 4463 successorum
1207 4403 1402 4476 nostrorum,
1426 4420 1483 4463 seu

432 4503 532 4568 etiarn
570 4502 741 4565 hominum
776 4506 963 4565 nostrorum
999 4499 1174 4564 servilem¹
1214 4500 1482 4586 imperpetuum:

431 4603 616 4668 habendam
647 4608 681 4666 et
703 4601 880 4666 tenendam
905 4601 1096 4687 praedictam
1120 4601 1267 4680 crostam,
1291 4601 1424 4666 boscum
1449 4605 1484 4664 ct

437 4737 498 4744 -0--u-
511 4736 695 4744 ῃ».-.
702 4734 800 4742 ...ιρι-

870 4789 878 4822 ¹
897 4789 938 4847 Sic
949 4791 976 4848 in.
987 4791 1046 4848 MS.
