3578 5808
589 905 788 960 analsraun
812 906 1136 959 manummerias.
1347 899 1388 962 61

337 1099 354 1130 “
376 1093 527 1160 callarius
550 1093 665 1161 Sancti
691 1094 787 1160 Pauli
810 1095 956 1162 London
980 1101 1015 1162 et
1036 1096 1186 1182 magistri
1209 1095 1260 1164 W.
1283 1102 1319 1163 et
1339 1095 1389 1162 W.

333 1203 350 1230 “
374 1197 415 1262 ds
454 1195 585 1264 Sanoiae
627 1196 741 1264 Marias
773 1197 909 1264 ecclesia
946 1204 980 1264 et
1019 1197 1062 1265 de
1095 1197 1200 1278 Purle,
1241 1199 1389 1266 salutem.

337 1307 353 1334 “
377 1299 573 1367 Mandatum
605 1299 731 1367 domini
754 1299 852 1388 Papae
874 1300 912 1366 in
944 1300 1015 1369 heco
1036 1301 1138 1368 verba
1168 1303 1389 1390 suscepimus:

336 1410 352 1436 “
376 1401 577 1490 ‘Gregorius
608 1403 789 1490 episcopus,
811 1421 927 1469 servus
961 1425 1131 1470 servorum
1155 1403 1229 1483 Dei,
1262 1406 1390 1472 dilectis

336 1511 353 1538 “
377 1503 478 1570 ‘filiis
500 1503 701 1583 cancellarie,
734 1504 902 1592 magistris
925 1504 976 1571 W.
1008 1505 1049 1572 de
1081 1505 1179 1573 Purle
1205 1511 1240 1572 et
1271 1506 1321 1573 W.
1349 1509 1390 1572 de

336 1617 353 1644 “
378 1607 532 1676 ‘Sancte
572 1607 687 1675 Mariae
719 1608 854 1676 ecclesia
876 1609 1041 1676 canonicis
1072 1610 1227 1688 London’,
1249 1611 1389 1677 salutem

337 1719 353 1746 “
377 1716 436 1777 ‘et
457 1711 671 1798 apostolicam
694 1711 967 1778 benedictionem.
1027 1711 1178 1780 Dilectus
1211 1713 1299 1778 filius
1323 1735 1391 1780 ma·

338 1827 355 1852 ‘¹
378 1818 505 1905 ‘gister
518 1817 549 1885 J.
566 1838 705 1904 persona
727 1818 768 1883 de
785 1817 1023 1904 Cred[ewelle],
1042 1818 1178 1886 clericus
1193 1819 1306 1885 dilecti
1329 1819 1390 1884 filii

338 1929 355 1954 “
380 1921 507 1985 ‘nostri
534 1919 627 1985 tituli
655 1919 786 1986 Sancte
808 1919 965 1986 Praxedis
988 1921 1173 2008 presbyteri
1205 1922 1390 1997 cardinalis,

337 2029 352 2056 “
376 2022 554 2109 ‘exposuit
575 2042 684 2088 coram
704 2022 800 2087 nobis
819 2023 917 2108 quod,
938 2027 1010 2088 orta
1025 2023 1104 2089 olim
1127 2025 1216 2089 inter
1236 2024 1390 2090 abbatem

336 2132 353 2160 “
377 2131 435 2191 ‘et
467 2129 668 2191 conventum
698 2125 889 2190 monasterii
921 2124 961 2190 de
996 2125 1236 2204 Melmcsburia,
1272 2126 1390 2192 Sarum

337 2239 352 2264 ‘¹
376 2229 545 2308 ‘diocesis
579 2229 726 2316 ejusdem
759 2227 902 2295 ecclesiae
935 2234 1099 2314 patronos,
1125 2251 1167 2296 ex
1190 2235 1283 2316 parte
1314 2251 1390 2308 uns,

336 2341 352 2368 “
374 2337 434 2398 ‘et
456 2332 645 2419 episcopum
668 2337 702 2398 et
724 2332 907 2418 capitulum
941 2331 1059 2397 Sarum
1083 2355 1125 2398 ex
1148 2333 1260 2410 altera,
1293 2355 1391 2420 super

336 2439 354 2470 “
377 2434 610 2521 ‘exemptione
647 2433 839 2500 monasterii
873 2433 1063 2520 quaestione,
1098 2453 1137 2500 ao
1179 2434 1386 2520 aliquamdiu

336 2545 354 2572 “
376 2545 384 2572 ‘
398 2557 507 2604 coram
526 2536 639 2624 judice
655 2535 842 2624 delegatos
865 2537 941 2602 sede
957 2537 1136 2623 apostolico
1159 2537 1332 2615 ventilata,
1348 2559 1390 2604 ex

335 2647 353 2676 “
377 2639 634 2728 ‘compositione
645 2641 781 2706 tandem
796 2640 882 2706 inita
897 2639 985 2706 inter
994 2645 1122 2726 partes:
1138 2639 1226 2706 idem
1238 2640 1341 2706 abbas
1356 2645 1390 2706 et

335 2751 353 2780 “
373 2749 581 2812 ‘conventus
612 2743 800 2831 predictus,
827 2742 979 2830 episeopo
1010 2748 1045 2809 et
1079 2742 1226 2829 capitulo
1258 2765 1317 2830 pro
1352 2764 1390 2808 eo

336 2854 352 2882 “
375 2846 487 2933 ‘quod
510 2847 598 2913 idem
622 2845 798 2933 quaestioni
820 2849 988 2912 cesserunt
1014 2845 1050 2910 in
1072 2845 1168 2912 bonis
1194 2845 1298 2932 ipsius
1320 2866 1390 2910 mo-

336 2957 353 2986 “
377 2957 385 2985 ‘
400 2949 546 3032 nestorii,
561 2953 667 3017 certos
682 2949 832 3015 redditus
847 2948 1066 3036 assignarunt.
1098 2947 1297 3015 Procedente
1312 2970 1390 3014 vero

336 3059 352 3088 “
377 3056 549 3140 ‘temporo
571 3051 702 3140 praefati
724 3051 826 3118 abbas
849 3056 884 3117 et
906 3056 1088 3118 conventus
1110 3072 1153 3117 ex
1168 3051 1389 3138 assignatione

336 3159 353 3190 “
376 3153 561 3222 ‘dictorum
584 3153 775 3220 reddituum
798 3175 833 3219 se
855 3152 1002 3240 graviter
1033 3152 1127 3218 laesos
1158 3173 1227 3218 csse
1250 3173 1389 3240 conque-

335 3263 351 3294 “
375 3261 517 3338 ‘rentes
555 3257 592 3320 in
636 3255 937 3342 recompensatione
974 3254 1154 3320 eorumdem
1198 3254 1389 3320 reddituum

335 3367 353 3394 “
376 3359 557 3446 ‘quasdam
598 3357 741 3426 decimas
779 3359 922 3426 ecclesiae
960 3357 1158 3444 supradictae
1191 3357 1235 3422 ab
1266 3357 1389 3424 eisdem

337 3467 353 3498 “
375 3463 550 3549 ‘episcopo
592 3467 628 3528 et
666 3461 811 3548 capitulo
849 3461 913 3526 sibi
962 3460 1133 3527 obtinuere
1171 3460 1311 3538 concedi,
1351 3466 1390 3526 ut

335 3573 351 3600 “
375 3568 473 3650 ‘post
495 3563 622 3631 obitum
645 3585 792 3649 personne
815 3567 896 3629 tunc
918 3562 1024 3628 eidem
1047 3561 1190 3628 ecclesius
1213 3563 1387 3648 praesiden-

334 3675 359 3726 “.
374 3676 382 3702 ‘
397 3668 442 3731 tis
464 3666 668 3754 adipiscendi
691 3667 927 3753 possessionem
943 3687 1055 3732 earum
1078 3665 1215 3731 liberem
1230 3664 1390 3732 haberent

334 3779 352 3805 “
376 3767 612 3849 ‘facultatem
634 3768 745 3855 sicque
762 3769 843 3835 dicti
858 3768 961 3834 obbas
976 3773 1011 3834 et
1025 3774 1207 3836 conventus
1223 3769 1388 3835 occasione

334 3880 350 3908 “
375 3872 615 3938 ‘concessionis
637 3871 827 3958 hujusmodi
851 3871 996 3938 decimas
1030 3871 1118 3958 ipsas
1150 3875 1272 3938 temere
1296 3893 1389 3938 oocu-

335 3980 351 4008 “
374 3980 477 4060 ‘pare
510 3973 724 4041 contendunt.
772 3972 881 4055 Quare
903 3973 1000 4039 nobis
1031 3973 1120 4040 idem
1144 3974 1301 4061 magister
1330 3974 1388 4040 Jo-

333 4084 355 4117 “
375 4075 525 4143 ‘hannes
554 4075 726 4144 humiliter
747 4075 951 4164 supplicavit
972 4081 1011 4141 ut
1043 4075 1280 4163 indempnitati
1302 4077 1388 4162 ejus-

333 4187 350 4214 “
374 4179 472 4244 ‘dem
493 4178 643 4259 ecclesias,
660 4183 729 4246 tam
746 4199 844 4264 super
865 4179 988 4244 eisdem
1011 4177 1155 4256 decimis,
1170 4199 1269 4265 quam
1293 4200 1391 4264 super

332 4289 349 4316 “
372 4281 478 4359 ‘aliia
500 4301 575 4368 quse
597 4281 638 4348 de
668 4282 763 4348 bonis
796 4283 899 4368 ipsius
921 4281 1066 4348 alienata
1095 4285 1175 4346 sunt
1208 4280 1323 4347 illicite
1345 4303 1383 4348 ae

333 4391 349 4418 ‘¹
374 4383 565 4463 ‘distracta
580 4384 752 4471 providere
774 4384 1029 4452 misericorditer
1054 4384 1272 4471 dignaremur.
1320 4383 1389 4448 No·
1431 4403 1433 4408 ’

333 4491 351 4520 “
374 4484 502 4552 ‘lentes
532 4485 637 4572 igitur
659 4486 765 4552 eidem
799 4486 835 4550 in
869 4507 928 4552 suo
960 4487 1036 4572 jure
1069 4487 1179 4552 deesse
1207 4485 1265 4571 qui
1297 4485 1387 4550 fevo-

333 4595 351 4621 “
374 4587 548 4654 ‘rabiliter
588 4589 701 4656 ademe
740 4593 899 4667 tenemur,
945 4588 1136 4655 discretioni
1173 4593 1293 4653 vcstrae
1330 4609 1389 4672 per

821 4737 828 4770 ¹
848 4737 900 4790 Sic.
