3578 5808
425 873 468 940 74
679 891 877 942 nuolsraun
901 891 1222 943 urrunsauamnsn

426 1079 465 1143 de
498 1080 710 1168 Brinkewrpe
742 1082 785 1145 ad
816 1081 954 1164 firmam,
977 1084 1137 1150 tenendas
1169 1082 1232 1148 sibi
1264 1083 1305 1146 ad
1338 1082 1476 1156 firmam,

424 1182 533 1266 quoad
557 1183 690 1258 vixerit,
721 1205 780 1268 pro
811 1191 954 1270 quatuor
986 1186 1100 1250 solidis
1122 1185 1296 1251 aunuatim
1329 1185 1373 1249 ad
1395 1183 1477 1248 duos

422 1284 502 1348 anni
539 1285 696 1353 terminos
730 1285 896 1354 solvendis
932 1287 1079 1366 eisdem3
1118 1285 1252 1364 scilicet,
1283 1287 1326 1352 sd
1356 1286 1477 1352 festum

423 1385 537 1451 Sancti
561 1386 732 1452 Michaelis
755 1389 838 1452 duos
865 1389 994 1467 solidos,
1018 1390 1118 1454 etad
1141 1387 1266 1454 Pascha
1289 1389 1371 1454 duos
1401 1387 1477 1453 soli-

423 1486 488 1551 dos.
550 1487 629 1554 Post
667 1490 835 1555 decessum
869 1512 948 1556 vero
981 1491 1062 1557 dicti
1099 1491 1149 1556 W.
1182 1490 1310 1555 nullum
1344 1495 1506 1576 paretur·

422 1589 651 1674 praejudicium
680 1592 778 1657 dictis
801 1593 915 1658 abbati
939 1599 973 1658 et
996 1593 1175 1660 conventui
1207 1615 1267 1679 per
1289 1592 1388 1658 istam
1411 1597 1477 1656 tra-

422 1691 591 1770 ditionem,
616 1715 681 1778 quo
711 1695 822 1758 minus
845 1695 988 1761 decimas
1019 1695 1194 1781 praedictas
1217 1694 1282 1758 sibi
1312 1694 1478 1758 retineant

423 1794 492 1859 sine
520 1797 785 1862 contradictione.
847 1797 938 1864 Dicti
965 1799 1067 1862 ctiam
1097 1797 1200 1861 abbas
1232 1800 1267 1861 et
1296 1801 1478 1862 conventus

423 1898 644 1982 promiserunt
668 1899 842 1964 bonafide
866 1901 955 1984 quod
977 1901 1104 1965 dictum
1123 1899 1174 1963 W.
1199 1920 1298 1985 super
1321 1897 1479 1984 praedicta

423 1998 558 2064 ecclesia
589 1999 643 2063 vel
675 2001 809 2066 decimis
839 2023 906 2066 non
929 2001 1109 2078 vexabunt,
1141 2001 1318 2065 dummodo
1349 2000 1478 2065 firmam

422 2101 613 2186 praedictam
644 2103 794 2167 terminis
828 2103 995 2188 praedictis
1027 2103 1230 2190 persolverit,
1267 2107 1303 2168 et
1332 2124 1477 2169 armuam

422 2205 611 2289 pensionem
635 2205 675 2269 de
699 2206 857 2290 praedicta
879 2205 1015 2272 ecclesia
1037 2206 1078 2271 de
1101 2204 1331 2282 Brcnkwrtho,
1355 2205 1477 2269 eisdem

423 2305 538 2371 soluta.
610 2307 650 2370 In
682 2308 782 2393 hujus
821 2309 869 2372 rei
905 2309 1133 2373 testimonium
1172 2307 1251 2372 huic
1285 2307 1406 2392 scripto
1442 2308 1478 2371 iu

424 2409 557 2473 modum
581 2410 777 2496 cyrographi
801 2411 959 2488 confecto,
982 2416 1093 2497 partes
1119 2410 1216 2496 signo
1237 2431 1298 2474 sua
1320 2430 1479 2494 apposue-

424 2516 512 2574 runt.
560 2511 636 2574 Hiis
659 2512 809 2589 testibus,
833 2518 892 2578 etc.

786 2795 789 2804 ¹
826 2774 905 2840 Car.
930 2773 1079 2839 CCXIX.

722 2935 806 2998 Item
829 2933 869 2998 de
891 2933 1016 2999 eisdem
1040 2932 1188 2998 decimis.

473 3085 634 3150 Omnibus
652 3085 775 3150 Christi
800 3084 952 3150 fidelibus
975 3085 1017 3148 ad
1041 3107 1122 3169 quos
1145 3106 1289 3170 praesens
1320 3085 1478 3170 scriptum

427 3188 621 3272 pervenerit,
645 3189 694 3251 W.
719 3192 826 3252 rector
847 3185 991 3251 ecolesiae
1015 3186 1054 3249 de
1079 3185 1318 3258 Brenkcwrthe
1340 3185 1479 3250 salutem

427 3291 463 3352 in
486 3289 638 3354 Domino.
699 3290 840 3354 Noverit
862 3289 1062 3352 universitas
1086 3293 1198 3352 vestra
1221 3287 1311 3372 quod
1337 3309 1396 3372 ego
1419 3287 1478 3363 W„

426 3395 548 3457 rector'
569 3393 713 3457 ecclesiae
745 3393 786 3457 de
822 3391 1051 3467 Brenkwrthe‚
1080 3389 1277 3475 professione
1310 3409 1391 3464 mea,
1424 3409 1480 3451 seu

426 3495 672 3580 protestatione,
706 3493 806 3580 sigilli
849 3493 913 3558 mci
948 3492 1160 3577 impressione
1191 3491 1330 3576 signata,
1351 3489 1480 3576 publico

427 3602 590 3681 protestor
612 3601 646 3660 et
668 3597 831 3680 profiteor,
856 3595 943 3680 quod
966 3594 1110 3659 decimas
1134 3614 1216 3677 quas
1239 3591 1383 3678 percipio
1407 3596 1480 3656 tan-

428 3704 500 3761 tum
523 3698 656 3763 nomine
679 3698 790 3775 firmes,
814 3695 920 3783 quas¹
943 3695 1095 3782 praedioti
1117 3695 1219 3760 abbas
1242 3700 1277 3761 et
1300 3699 1481 3760 conventus

428 3822 517 3865 mera
543 3801 743 3866 liberalitate
773 3800 815 3864 ad
842 3799 971 3864 firmam
995 3799 1104 3884 quoad
1126 3797 1269 3863 vixerim
1300 3796 1382 3861 mihi
1414 3801 1481 3861 tra-

431 3901 594 3980 diderunt,
612 3909 646 3968 et
666 3925 733 3968 ncn
756 3902 890 3967 nomine
913 3900 1053 3986 alicujus
1073 3899 1160 3986 juris
1183 3899 1378 3985 parochialis
1393 3899 1481 3985 quod

428 4005 532 4069 habeo
562 4005 598 4069 in
620 4005 751 4070 eisdem.
814 4004 913 4070 Unde
944 4010 1020 4090 post
1043 4004 1211 4070 decessum
1243 4024 1353 4068 meum
1383 4002 1481 4067 liceat

428 4108 549 4172 eisdem
581 4108 715 4174 decimis
747 4131 806 4194 pro
830 4107 1012 4176 voluntatis
1043 4129 1112 4172 suae
1135 4106 1273 4172 arbitrio
1300 4105 1479 4191 disponere.

429 4209 470 4274 In
493 4212 586 4296 eujus
609 4211 656 4276 rei
679 4211 903 4277 testimonium
933 4209 1054 4274 eisdem
1085 4209 1148 4275 hoc
1171 4209 1329 4295 scriptum
1352 4207 1424 4284 foci,
1447 4211 1481 4273 et

429 4313 522 4398 signo
544 4335 617 4378 meo
640 4311 778 4399 signavi.
827 4310 904 4376 Hiis
927 4309 1077 4389 testibus
1100 4317 1161 4377 etc.

915 4587 923 4619 ¹
943 4585 993 4638 Sic.
