3526 5810
281 2246 389 2298 Iicense
399 2249 428 2296 to

280 2313 325 2365 the
336 2314 419 2378 abbey

280 2387 308 2430 to
319 2381 418 2430 enclosc

175 2489 176 2492 ,
280 2446 379 2497 laudat

282 2513 436 2564 Boumerse.

441 901 506 964 262
696 910 894 960 ercrsreuu
918 905 1240 957 umurssusmssn.

441 1123 557 1189 capere
578 1101 634 1166 vel
656 1099 795 1186 exigere.
841 1097 944 1162 Salva
973 1102 1086 1162 temen
1118 1096 1212 1162 nobis
1235 1100 1270 1161 et
1303 1093 1495 1161 successori-

442 1207 505 1272 bus
535 1204 658 1271 nost1is
691 1222 867 1270 commune
900 1220 1000 1286 quam
1033 1197 1155 1265 habere
1192 1197 1421 1265 consuevimus
1458 1195 1494 1260 in

444 1307 569 1394 campis
591 1305 634 1372 de
655 1304 822 1389 Alintcne.
869 1302 913 1368 Et
934 1302 971 1368 in
994 1301 1227 1386 testimonium
1243 1299 1345 1386 hujus
1367 1320 1493 1366 conces-

445 1411 547 1478 sionis
569 1413 700 1486 nostrae,
722 1407 785 1473 hoc
810 1405 971 1492 scriptum
1005 1404 1201 1490 bipertitum
1234 1405 1323 1468 inter
1353 1423 1413 1467 nos
1444 1405 1495 1466 est

446 1512 639 1589 coniectum,
663 1514 698 1576 et
729 1507 847 1595 sigillis
868 1507 991 1574 nostrie
1014 1506 1207 1574 alternatim
1238 1504 1392 1592 appensis
1423 1524 1495 1567 mu-

445 1614 564 1682 nitum.
610 1612 688 1678 Hiis
709 1611 860 1689 testibus,
884 1615 943 1677 etc

815 1897 895 1966 Off.
918 1897 1138 1968 OOOLXXX.

593 2059 698 2127 docto
728 2057 871 2146 Woltcri
892 2059 932 2126 de
955 2059 991 2126 lc
1013 2058 1092 2128 saa
1115 2056 1154 2124 de
1176 2055 1356 2146 Alyattem.

471 2221 669 2290 :Univers's
691 2219 819 2288 Christi
844 2219 997 2286 fidelibus
1018 2241 1162 2307 praesens
1192 2221 1352 2307 scriptum
1374 2219 1500 2305 inspee-

450 2326 544 2405 tun'e,
567 2323 735 2391 Walterus
761 2324 802 2389 de
826 2322 859 2390 la
881 2322 957 2389 Sale
980 2324 1021 2389 de
1043 2323 1211 2402 Alintone,
1234 2323 1375 2389 salutem
1405 2326 1501 2388 aeter-

449 2449 528 2494 nam
550 2427 587 2492 in
609 2426 761 2492 Domino.
808 2425 950 2491 Noverit
973 2427 1171 2492 universitas
1197 2430 1310 2492 vestra
1340 2446 1392 2490 me
1426 2445 1502 2490 con-

450 2532 591 2609 cessisse,
614 2552 674 2616 pro
697 2551 750 2595 me
784 2534 820 2594 et
852 2528 1030 2596 heredibus
1059 2531 1149 2608 meis,
1179 2529 1313 2596 domino
1335 2527 1502 2594 Willelmo

452 2633 567 2700 abbati
590 2633 631 2698 de
658 2632 904 2710 Malmesburie,
927 2638 962 2698 et
992 2633 1139 2720 ejusdem
1169 2634 1232 2699 loei
1265 2631 1444 2698 conventui
1467 2634 1502 2694 et

451 2757 564 2800 eorum
599 2733 848 2811 successoribus,
886 2735 974 2820 quod
1011 2736 1076 2822 ipsi
1113 2735 1259 2802 habeant
1296 2741 1330 2800 et
1367 2738 1503 2799 teneant

452 2837 586 2923 pacifice
620 2836 864 2923 imperpetuum
887 2841 976 2902 totas
1006 2842 1111 2903 terrae
1145 2857 1221 2902 sues
1251 2837 1289 2901 in
1319 2836 1357 2902 lo
1389 2835 1502 2901 Rcwe-

314 2942 318 2952 '
450 2960 553 3004 caereo
575 2938 611 3002 in
634 2941 729 3023 parte
751 2937 888 3002 australi
904 2938 945 3005 de
967 2936 1004 3003 lc
1026 2937 1221 3024 Homeroftc
1242 2938 1283 3005 de
1306 2937 1502 3013 Fordesusik,

454 3047 490 3106 et
523 3041 611 3126 ipsas
645 3045 750 3104 terras
781 3039 942 3107 claudant
965 3047 1000 3106 ct
1033 3043 1069 3106 in
1102 3042 1235 3108 defenso
1268 3048 1413 3122 teneant,
1437 3063 1502 3107 una

451 3164 526 3209 cum
547 3140 608 3207 illa
629 3140 764 3207 brechia
785 3161 860 3226 quae
883 3142 949 3207 fuit
970 3143 1088 3210 Alieie
1109 3145 1143 3210 la
1165 3144 1323 3211 Paumerc
1346 3146 1388 3210 de
1411 3145 1502 3210 Alin-

452 3252 539 3324 tone,
562 3264 639 3310 oum
662 3243 816 3309 omnibus
848 3244 1020 3312 dominicis
1052 3247 1149 3312 terris
1182 3247 1417 3332 praedictorum
1448 3251 1504 3317 ab·

454 3348 543 3413 batis
564 3351 599 3412 et
621 3352 804 3412 conventus
827 3347 935 3412 eidem
958 3348 1100 3414 brechiae
1123 3350 1360 3437 adjacentibus,
1382 3353 1427 3418 ab
1448 3375 1504 3418 an-

453 3450 532 3538 gulo
554 3449 739 3537 aquilonari
773 3448 886 3515 eroitae
918 3450 959 3515 de
991 3450 1200 3518 Fouleswike
1224 3475 1298 3539 quae
1320 3455 1504 3540 appellatur

459 3550 627 3630 11111101,
651 3551 776 3618 directe
800 3551 973 3637 usquead
1004 3554 1173 3640 spinetum
1205 3556 1245 3621 de
1267 3555 1416 3636 Jattone,
1439 3580 1503 3624 una

455 3675 531 3720 cum
557 3653 624 3718 illis
646 3653 754 3718 tribus
785 3655 869 3720 acris
892 3659 988 3721 terreo
1010 3662 1045 3722 et
1066 3657 1206 3724 dimidia
1228 3659 1270 3723 ad
1302 3664 1433 3744 portem
1464 3660 1503 3725 de

455 3753 663 3820 Fouleswike
686 3775 784 3840 super
806 3755 843 3822 ln
864 3756 1008 3824 Boutae.
1055 3758 1111 3826 Ita
1125 3764 1238 3826 tamen
1253 3761 1341 3846 quod
1363 3782 1432 3847 prae
1452 3762 1504 3826 de-

456 3859 547 3924 fectu
570 3857 743 3924 claustruae
774 3858 810 3922 in
832 3860 999 3945 prmdictis
1032 3863 1128 3928 terris
1159 3862 1265 3942 factae,
1288 3865 1400 3929 averia
1433 3886 1505 3930 mea

456 3961 511 4027 vel
533 3960 692 4026 heredum
724 3981 871 4028 meorum
903 3984 1002 4050 super
1024 3969 1127 4032 terrae
1160 3967 1335 4053 praedietas
1369 3969 1506 4034 inventa

459 4065 648 4150 imparkare
677 4085 745 4129 non
783 4065 921 4151 possint,
952 4073 1013 4132 eut
1049 4091 1109 4154 pro
1150 4071 1271 4135 averiis
1307 4071 1504 4157 imparkatie

458 4167 612 4232 emendae
635 4185 749 4252 capere
772 4167 827 4232 vel
849 4169 988 4254 exigere.
1032 4171 1076 4236 Et
1098 4173 1135 4237 in
1157 4173 1384 4238 testimonium
1407 4174 1505 4261 hujus

459 4268 676 4335 concessionis
705 4289 795 4347 meae,
818 4268 881 4337 hoc
911 4273 1070 4358 scriptum
1104 4274 1299 4361 bipertitum
1326 4277 1415 4342 inter
1447 4299 1506 4343 nos

460 4377 511 4436 est
533 4369 725 4448 confectum,
753 4376 788 4436 et
821 4373 938 4461 sigillis
969 4375 1091 4440 nostris
1129 4377 1319 4444 alternatim
1352 4382 1506 4465 appensis

460 4475 636 4539 munitum

504 4576 581 4641 Hiis
602 4575 752 4654 testibus,
775 4582 834 4642 etc.
