3524 5808
577 943 579 946 .
694 899 872 949 arrarum
896 901 917 949 1.
1265 879 1327 949 371

272 1087 411 1167 firmare,
427 1087 480 1153 vel
503 1087 615 1173 aliquo
638 1088 735 1152 modo
751 1087 913 1152 contraire
937 1085 1160 1172 temptaverit,
1177 1107 1269 1150 reum
1293 1107 1328 1150 se

272 1193 403 1256 noverit
424 1196 502 1256 ante
526 1190 590 1255 Dei
612 1196 831 1275 conspectum,
855 1193 890 1254 et
912 1211 932 1254 a
954 1188 1207 1274 participatione
1239 1188 1327 1252 salu·

250 1293 361 1358 ,tiferi
392 1294 535 1378 corporis
558 1298 593 1357 et
615 1292 784 1378 sanguinis
808 1291 943 1355 Domini
967 1291 1072 1354 nostri
1095 1290 1175 1354 Jesu
1200 1289 1326 1355 Christi

269 1395 415 1460 alienum
427 1419 434 1472 ;
456 1394 787 1480 condempnationem
814 1414 913 1478 quam
929 1392 950 1456 J
954 1392 1035 1456 udas
1057 1391 1209 1458 Scarioth
1238 1413 1324 1456 assc-

269 1502 365 1563 cutus
398 1503 449 1562 est
480 1503 692 1582 assequatur;
727 1501 760 1560 et
782 1496 826 1560 ab
849 1494 1085 1580 Apostolorum
1109 1495 1257 1579 principe
1285 1499 1324 1558 ut

268 1600 416 1664 Ananias
440 1603 475 1665 et
498 1599 651 1685 Saphyra
673 1599 841 1663 sententia
865 1596 1069 1682 percellatur,
1095 1602 1134 1660 ut
1156 1595 1238 1661 coelo
1263 1618 1320 1661 va-

267 1724 347 1767 cuus
371 1709 461 1767 terra
480 1703 704 1777 absorbeatur,
728 1702 793 1764 nisi
817 1700 858 1765 de
882 1701 1014 1785 incepto
1030 1698 1215 1763 temerariae
1236 1720 1319 1784 prcc-

268 1805 466 1890 sumptionis
488 1805 659 1890 poeniteat.
715 1804 795 1868 Vita
818 1825 896 1868 vero
920 1808 954 1868 et
977 1801 1066 1867 salus
1089 1806 1124 1866 et
1146 1801 1320 1866 beatitudo

267 1912 429 1993 perpetua
465 1907 531 1970 hiis
570 1907 627 1992 qui
662 1905 733 1970 haec
771 1904 1012 1971 inviolabiliter
1050 1904 1321 1969 conservaverint

266 2015 301 2073 et
334 2009 521 2074 conservari
555 2010 779 2095 praeceperint.
842 2008 932 2073 Bene
963 2007 1080 2083 valete,
1112 2005 1319 2071 dilectissimi

266 2111 392 2176 fratrea.

310 2315 504 2382 Notandum
528 2317 616 2402 quod
648 2318 687 2382 de
718 2322 851 2383 centum
884 2316 997 2380 solidis
1029 2317 1117 2402 quod
1149 2317 1315 2403 percipere
1330 2313 1435 2362 Annus

265 2421 495 2484 consuevimus
518 2421 559 2484 de
582 2421 737 2506 pensione
760 2420 875 2484 vicarii
900 2421 940 2484 dc
965 2418 1108 2497 Kemele,
1132 2387 1487 2505 assignavi-iiiiiini'm

267 2541 340 2584 mus
385 2523 576 2608 permeentori
616 2523 697 2586 duas
736 2543 870 2598 marcas,
904 2543 986 2606 quas
1018 2521 1111 2606 prius
1149 2522 1315 2607 percipere
1327 2511 1437 2629 fflgril·

266 2624 437 2688 consuevit
453 2625 493 2689 de
509 2624 645 2689 ecclesia
660 2623 701 2688 dc
718 2623 837 2708 Mynti,
854 2624 897 2688 ad
918 2623 1098 2708 pitanciam
1114 2630 1317 2704 conventus;
1414 2615 1420 2630 ⁸

266 2731 409 2809 quatuor
431 2748 555 2791 marcas
589 2749 648 2812 pro
671 2727 827 2812 pensione
850 2726 891 2790 de
917 2725 1052 2790 ecclesia
1083 2727 1124 2790 dc
1149 2725 1317 2799 Puritone‚

265 2828 308 2891 ad
335 2829 508 2911 coquinam
532 2834 715 2893 conventus
727 2854 734 2907 ;
757 2849 858 2892 unam
892 2849 1045 2904 marcam,
1068 2848 1128 2912 pro
1161 2829 1318 2914 pensione

267 2929 308 2994 de
330 2930 465 2995 ecclesia
487 2932 528 2996 de
553 2930 688 2996 Kemele
712 2951 812 3016 quam
836 2931 876 2995 de
900 2931 1016 2995 eadem
1039 2931 1131 3015 prius
1154 2931 1320 3017 percipere

268 3035 447 3112 consuevit,
471 3041 505 3099 et
539 3035 711 3099 dimidiam
747 3055 891 3098 marcam
926 3033 966 3097 de
990 3033 1159 3118 praedictis
1186 3041 1320 3098 eentum

268 3136 382 3202 solidis
404 3138 553 3214 residuis,
569 3143 603 3202 et
626 3137 764 3201 alteram
792 3137 964 3200 dimidiam
992 3157 1136 3201 marcam
1159 3137 1199 3200 de
1223 3137 1320 3201 domo

269 3240 436 3322 quondam
459 3238 617 3303 Willelmi
639 3238 760 3324 Wynci
782 3241 818 3303 in
843 3239 1041 3325 Westcport,
1065 3241 1108 3304 ad
1131 3239 1319 3304 faciendum

268 3340 407 3426 singulis
426 3342 522 3405 annis
537 3341 800 3406 anniversarium
817 3339 977 3404 Willelmi
992 3345 1027 3406 et
1043 3338 1197 3406 Oristinae
1214 3343 1320 3425 patris

269 3447 305 3507 et
327 3444 441 3507 matris
464 3464 562 3508 meae:
589 3449 623 3508 et
639 3448 689 3507 est
704 3444 773 3506 dies
796 3441 1042 3507 anniversarius
1066 3443 1171 3528 patris
1194 3445 1259 3508 mei
1283 3445 1319 3506 in

270 3545 411 3610 crastino
435 3545 565 3610 Sanctae
593 3545 789 3630 Margaretae
821 3544 970 3630 virginis,
1003 3550 1039 3609 et
1072 3545 1319 3610 anniversarius

271 3648 424 3713 Oristinae
457 3649 573 3713 matris
605 3671 686 3714 meae
718 3649 754 3711 in
786 3647 870 3712 sesto
906 3647 1021 3711 Sancti
1055 3646 1180 3711 Oalixti
1215 3669 1316 3734 papae.

269 3750 355 3814 Item
381 3749 566 3815 notandum
590 3751 776 3834 quodcum
807 3749 1018 3835 coquinarius
1049 3749 1165 3812 domus
1196 3756 1318 3816 nostrae

269 3851 432 3936 percipere
459 3851 684 3915 consuevisset
714 3852 756 3914 ad
780 3851 863 3915 duos
894 3850 1053 3915 terminos
1077 3850 1117 3915 de
1140 3853 1318 3937 praeposito

268 3951 308 4016 de
339 3950 591 4036 Gredd[ewelle]
624 3951 736 4015 decem
771 3951 899 4028 solidos,
931 3971 990 4036 pro
1025 3957 1113 4016 terra
1148 3951 1188 4016 de
1212 3952 1317 4018 Houl-

215 4048 220 4055 ’
267 4074 377 4140 rugge,
413 4059 447 4118 et
484 4073 544 4139 pro
591 4058 680 4117 terra
715 4073 788 4136 quae
823 4051 889 4116 fuit
930 4050 1088 4116 Willelmi
1120 4052 1247 4138 Payncl
1281 4055 1317 4118 in

267 4153 432 4230 Puritone‚
473 4155 618 4238 quinque
651 4153 792 4232 solidos;
827 4158 862 4218 et
888 4153 1103 4238 pitanciarius
1134 4175 1193 4238 pro
1227 4161 1317 4221 terra

268 4277 365 4341 quarn
382 4255 405 4320 J
406 4255 551 4320 ohannes
566 4256 596 4321 le
613 4257 703 4342 Boye
720 4258 830 4322 tenuit
845 4257 880 4320 in
895 4255 1145 4342 Brokeneberge
1165 4257 1205 4322 de
1221 4259 1316 4323 feodo

267 4358 432 4443 quondam
449 4357 630 4424 Clementis
654 4359 792 4444 Sporun,
809 4359 955 4444 quinque
978 4358 1100 4423 solidos
1114 4359 1158 4423 ad
1173 4366 1316 4444 quatuor

266 4463 345 4526 anni
360 4463 526 4541 terminos
542 4471 577 4528 et
591 4485 651 4528 nos
674 4464 868 4548 praedictum
892 4462 1059 4527 redditum
1082 4462 1314 4547 praedictorum

267 4564 449 4649 coquinarii
480 4572 514 4630 et
544 4565 734 4650 pitanciarii
765 4564 911 4629 redditui
942 4568 1055 4628 nostro
1086 4564 1122 4626 in
1159 4566 1313 4630 maneriis

270 4666 438 4752 praedictis
465 4666 724 4752 assignavimus;
746 4687 806 4730 nos
838 4687 879 4730 ne
910 4665 1060 4729 redditus
1082 4665 1314 4751 praedictorum

270 4767 451 4853 coquinarii
475 4773 510 4832 et
531 4768 719 4853 pitanciarii
749 4789 807 4853 per
830 4788 890 4831 nos
920 4766 1133 4846 diminuatur,
1157 4773 1314 4836 concessi-

1079 4889 1181 4950 aaa
