3526 5810
405 851 469 915 316
657 864 857 914 eremmon
881 863 1205 942 unnunssunrnssn.

404 1053 439 1113 et
460 1054 575 1116 teneat
590 1049 786 1135 praedictum
809 1054 1038 1116 tenementum
1054 1048 1143 1134 quod
1165 1047 1253 1112 idem
1269 1044 1456 1110 Willelmus

403 1151 500 1216 nobis
531 1151 669 1230 remisit,
714 1155 755 1216 ut
792 1151 1021 1238 supradictum
1056 1154 1115 1228 est,
1153 1149 1306 1216 omnibus
1340 1147 1457 1214 dicbus

403 1254 484 1318 vitae
519 1275 594 1318 suae.
640 1253 695 1320 Ita
729 1254 817 1339 quod
840 1258 916 1341 post
939 1253 1106 1322 decessum
1129 1274 1227 1318 suum
1258 1250 1454 1339 praedictum

403 1359 630 1420 tenementum
653 1355 695 1420 ad
718 1376 778 1422 nos
801 1360 836 1420 et
869 1376 1067 1422 successores
1100 1360 1231 1420 nostros
1261 1357 1455 1420 revertatur.

405 1455 447 1518 In
484 1455 579 1542 cujus
616 1455 664 1520 rei
698 1456 929 1523 testimonium
962 1456 1026 1524 hoc
1063 1455 1225 1544 scriptum
1259 1454 1455 1542 bipertitum

404 1556 492 1622 inter
524 1578 585 1622 nos
609 1561 660 1622 est
682 1557 878 1636 confectum,
911 1563 946 1624 ct
968 1557 1087 1646 sigillis
1117 1558 1241 1624 nostris
1264 1555 1455 1624 alternatim

403 1657 557 1744 appensis
580 1659 778 1726 roboratum.
824 1659 902 1724 Hiis
924 1659 1075 1726 testibus.

755 1910 836 1980 cm.
859 1909 1116 1980 CCCCXXXV.

405 2049 510 2116 Uario
527 2048 696 2137 Orcllopbc'
712 2048 810 2136 facto
832 2049 947 2116 abbati
962 2055 993 2116 et
1006 2048 1188 2118 conanus·
1203 2047 1456 2116 Malnccsborioe

667 2150 708 2216 dc
730 2151 833 2217 terris
853 2151 894 2218 dc
917 2150 1151 2218 Obellcwortbo.

237 2301 362 2354 crantor
448 2277 623 2344 Universis
646 2277 710 2344 Dei
734 2277 888 2345 fidelibus
914 2283 984 2344 tam
1016 2277 1139 2344 futuris
1162 2299 1261 2366 quam
1284 2277 1455 2365 praesenti-

236 2369 384 2488 Ῑόζξιὲζηῂ
403 2379 474 2458 bus,
496 2378 638 2466 regibus,
661 2380 830 2466 episcopis,
848 2380 1034 2458 comitibus,
1057 2381 1243 2459 abbatibus,
1266 2379 1456 2458 baronibus,

236 2504 272 2568 by
283 2506 334 2554 aar}
403 2481 573 2559 militibus,
597 2486 632 2547 et
655 2482 819 2548 universis
835 2487 958 2548 sanctae
974 2481 1037 2548 Dei
1060 2482 1204 2550 ecclesiae
1228 2482 1453 2548 ordinatorum

236 2569 331 2622 ΟΜ
402 2584 569 2672 gradibus,
594 2583 750 2650 Ordlafus
772 2591 932 2672 peccator,
964 2586 1137 2672 utriusque
1160 2587 1241 2652 vitae
1274 2585 1454 2652 beatitudi-

372 2689 376 2696 '
403 2711 487 2755 nem.
550 2689 620 2776 Ego
654 2694 804 2776 peccator
837 2689 993 2756 Ordlafus
1025 2689 1178 2755 omnibus
1212 2689 1306 2754 vobis
1338 2694 1454 2754 notum

403 2791 497 2874 facio,
520 2791 610 2877 quod
641 2792 677 2855 in
710 2791 843 2858 nomine
879 2791 943 2857 Dci
968 2791 1151 2858 Salvatoris
1189 2791 1295 2856 nostri
1334 2795 1455 2856 terram

404 2899 550 2980 emptam
572 2894 758 2980 aquodam
781 2894 859 2960 olim
883 2895 1035 2961 ministro
1059 2894 1183 2960 Elfredi
1213 2894 1307 2982 regis,
1322 2893 1455 2959 nominc

403 2997 504 3076 Dudi,
527 2998 564 3062 in
600 2997 671 3063 loeo
706 2997 764 3083 qui
798 2997 923 3063 dicitur
955 2997 1185 3083 (leollanpurd‚
1215 2997 1349 3062 domino
1382 3017 1454 3062 meo

401 3099 634 3184 gloriosissimo
666 3121 742 3186 rego
775 3099 960 3165 Eedwardo
992 3099 1227 3177 consentiente,
1260 3120 1389 3166 necnon
1422 3103 1456 3164 et

402 3202 474 3288 ejus
505 3202 733 3288 optimatibus,
757 3203 814 3287 qui
850 3203 881 3268 ei
915 3203 951 3267 in
985 3203 1163 3289 praesentia
1197 3209 1278 3269 tunc
1307 3203 1454 3280 aderant,

402 3326 462 3390 pro
485 3305 592 3370 salute
615 3310 649 3370 ct
672 3304 816 3370 remedio
840 3305 960 3370 animae
983 3327 1075 3382 mcae,
1098 3304 1235 3370 familiae
1257 3304 1329 3370 Deo
1353 3305 1455 3370 servi-

402 3409 530 3473 entium
552 3409 588 3472 in
611 3407 682 3474 loco
703 3412 896 3495 nuncupato
919 3407 1057 3494 antiquo
1073 3407 1233 3475 vocabulo
1249 3407 1455 3486 Moildnberi,

401 3515 514 3577 nostro
536 3515 648 3576 autem
672 3509 941 3597 Maldubesburg,
964 3510 1105 3578 concedo
1135 3509 1350 3602 imperpetuo,
1397 3509 1456 3574 Est

401 3617 514 3677 autem
536 3611 781 3699 aliquantulum
804 3616 910 3690 terrm,
926 3617 1070 3698 quatuor
1092 3611 1248 3678 videlicet
1271 3617 1455 3678 casatorum

401 3714 444 3779 ad
469 3714 607 3780 eandem
632 3713 802 3781 ecclesiam
818 3713 1067 3800 pertinentium.
1116 3713 1225 3796 Quam
1240 3714 1376 3800 quidam
1399 3713 1454 3778 ΕΙ-

401 3816 513 3881 fredus
521 3838 581 3881 rex
592 3837 735 3882 unacum
752 3837 912 3882 consensu
927 3815 1127 3882 venerabilis
1142 3815 1278 3882 familie
1293 3815 1455 3882 Maildeu-

402 3919 525 3984 biensis
540 3918 692 3996 ecclesiae,
708 3919 848 3998 cuidam,
864 3925 903 3984 ut
918 3923 1188 4006 praememoratus
1204 3941 1286 3998 sum,
1301 3919 1455 3985 ministro

403 4042 462 4086 suo
484 4021 618 4086 nomine
640 4019 741 4098 Dudi,
765 4021 805 4086 dc
829 4042 895 4107 quo
918 4020 1010 4087 illam
1034 4021 1108 4100 emi,
1132 4021 1276 4088 dederat.
1322 4019 1375 4088 Ne
1398 4021 1455 4087 ills

403 4125 443 4188 de
471 4144 569 4190 causa
590 4123 711 4210 aliquis
734 4144 868 4190 suorum
891 4123 982 4190 illam
1005 4124 1070 4189 sibi
1093 4124 1239 4211 adoptet,
1262 4129 1297 4190 et
1319 4145 1455 4211 praeme·

323 4271 325 4276 ,
402 4231 563 4291 moratam
586 4224 755 4292 ecclesiam
777 4225 974 4313 calumpniis
997 4225 1178 4312 perturbet,
1202 4225 1346 4314 hincque
1368 4227 1454 4314 regis

402 4329 667 4414 optimatumque
701 4349 836 4394 suorum
867 4329 1033 4415 suffragiis
1066 4329 1137 4394 siva
1168 4329 1310 4414 pecunia
1344 4351 1455 4395 meum

402 4428 599 4495 frustretur¹
624 4430 757 4507 donum,
780 4431 961 4518 pulfsigum
984 4431 1074 4495 illius
1106 4429 1243 4496 diocesis
1266 4431 1456 4518 episcopum

402 4533 503 4611 adivi,
537 4538 572 4597 et
602 4531 644 4597 ab
675 4531 732 4596 illo
766 4533 809 4598 ad
841 4532 919 4597 doni
953 4533 1019 4598 mei
1051 4532 1332 4600 confirmationem
1367 4533 1458 4601 hunc

402 4637 592 4720 sequentem
608 4633 786 4720 impetravi
808 4633 1090 4722 favorem-Ego
1112 4635 1273 4722 pulfsigus
1296 4635 1455 4724 indignus

718 4783 726 4816 ¹
730 4781 889 4852 frustretur]
904 4785 1032 4849 fructetor,
1040 4783 1066 4835 in
1078 4785 1138 4838 MS.
