3524 5808
459 891 522 954 326
710 902 908 953 sumemus
933 903 1254 954 usiusssusinusu.

457 1090 540 1154 mihi
572 1098 607 1157 et
640 1092 815 1165 heredibus
839 1096 1110 1180 provenientibus
1134 1097 1260 1161 dictum
1283 1100 1511 1160 tenementum

459 1193 499 1258 de
533 1194 749 1272 Chelewrthe,
784 1204 883 1281 prout
913 1199 1043 1282 plenius
1075 1199 1255 1264 diffinitum
1300 1204 1360 1274 est,
1387 1199 1512 1262 intuere

460 1301 494 1359 et
526 1297 676 1382 gaudere.
725 1297 788 1388 'Ut
825 1299 929 1383 igitur
965 1299 1036 1364 haee
1059 1323 1132 1366 mea
1154 1301 1288 1364 donatio
1326 1307 1361 1364 et
1400 1321 1511 1364 eorum

460 1399 622 1463 concessio
655 1399 750 1463 firma
780 1401 825 1464 sit
846 1406 881 1464 et
903 1401 1031 1466 stabilis
1054 1403 1306 1487 imperpetuum,
1330 1402 1408 1466 huic
1429 1423 1512 1486 prae-

460 1501 546 1563 senti
580 1500 701 1585 scripto
733 1501 841 1586 sigilla
875 1508 988 1568 nostra
1022 1505 1144 1588 pariter
1170 1504 1390 1588 apposuimus
1437 1503 1513 1565 Hiis

460 1601 609 1677 testibus,
649 1601 815 1666 Willelmo
853 1603 923 1667 filio
967 1605 1076 1681 Alani,
1116 1605 1270 1670 Eustecio
1315 1606 1357 1670 de
1398 1603 1514 1688 Vescy,

461 1703 600 1767 Emuifo
623 1703 663 1767 de
685 1704 850 1788 Asseleye,
875 1705 1024 1770 Galfrido
1057 1707 1098 1770 de
1131 1706 1283 1784 Herford‚
1306 1706 1449 1793 Hugone
1472 1705 1512 1769 de

463 1806 675 1882 Gloucestria,
699 1813 733 1870 et
755 1807 869 1874 multis
892 1808 974 1873 aliis.

821 2107 915 2192 [Ciu.
940 2106 1158 2193 CCCCXLI]

464 2256 569 2320 Cocta
595 2255 731 2321 Roberti
765 2255 896 2322 abbatis
922 2257 1020 2344 sacto
1051 2257 1201 2344 Eiuulfo
1225 2257 1306 2342 filio
1338 2263 1367 2322 ct
1400 2257 1512 2323 desedi

551 2356 706 2422 Simonis
729 2357 769 2422 de
791 2358 887 2423 Sciat
913 2361 1034 2444 Oweyo
1068 2360 1107 2424 de
1142 2381 1217 2424 uno
1250 2359 1384 2445 stipata
1419 2366 1512 2424 temo

554 2459 593 2523 de
627 2459 814 2525 dominicis
850 2461 891 2525 de
930 2461 1108 2548 Cousoude
1140 2484 1218 2529 acan
1255 2469 1439 2529 teocam-sito
1472 2462 1512 2526 iu

551 2561 752 2655 Borudtcue.

298 2725 380 2775 crant
391 2724 419 2773 of
508 2695 671 2774 Robertus
695 2709 757 2774 Dei
781 2712 889 2796 gratia
911 2712 1012 2776 abbas
1037 2712 1288 2788 Malmesburiae,
1311 2719 1345 2777 et
1368 2713 1513 2798 ejusdem

296 2793 403 2920 ffiffy
463 2813 525 2878 loci
560 2818 751 2890 conventus,
771 2803 980 2878 ¹universalis
1016 2815 1160 2880 ecclesiae
1195 2815 1280 2890 filiis,
1304 2815 1445 2880 salutem
1478 2817 1513 2879 in

297 2924 345 2972 and
358 2925 414 2972 bro·
464 2915 608 2979 Domino
640 2905 813 2979 aetemani(
872 2916 1015 2980 Novent
1053 2918 1253 2982 universitas
1289 2924 1408 2996 vestra,
1445 2940 1512 2992 nos,

186 3033 188 3038 ·
296 2989 429 3104 ξξθὲξζζῗξ
464 3017 630 3081 communi
654 3017 791 3103 capituli
823 3018 929 3082 nostri
956 3041 1092 3083 assensu
1124 3025 1158 3082 et
1193 3041 1361 3097 consensu,
1387 3020 1513 3084 dedisse

222 3196 226 3202 ⁴
298 3120 334 3170 St·
347 3121 450 3186 Oweyn.
463 3123 498 3182 et
520 3110 721 3194 concessisse,
745 3125 779 3182 et
795 3119 856 3184 hac
879 3126 993 3184 nostra
1008 3120 1162 3205 praesenti
1185 3127 1276 3186 carta
1299 3122 1515 3196 confirmasse,

464 3220 602 3283 Ernulfo
635 3219 703 3284 filio
736 3227 770 3284 et
802 3221 915 3285 heredi
950 3221 1107 3306 Symonis
1142 3222 1182 3285 de
1222 3221 1437 3309 Seintoweyn
1474 3223 1514 3287 de

464 3322 680 3396 Chelewrthe,
703 3343 804 3385 unam
830 3323 994 3408 virgatam
1017 3323 1181 3408 integram
1204 3330 1301 3389 terrae
1316 3325 1450 3389 arabilis
1475 3325 1516 3389 de

463 3423 627 3489 dominico
649 3429 761 3488 nostro
785 3445 859 3488 cum
882 3425 1101 3509 pertinentiis,
1117 3431 1152 3489 et
1175 3446 1250 3489 cnm
1265 3446 1332 3490 uno
1347 3427 1516 3511 mesuagio

464 3531 499 3591 et
525 3527 592 3590 suis
617 3525 764 3590 aedificiis
786 3526 822 3588 in
840 3525 1041 3604 Boruhtonc,
1067 3548 1195 3592 necnon
1221 3532 1256 3591 et
1282 3549 1355 3593 cum
1371 3529 1517 3613 pasturis

297 3640 377 3692 sess
391 3641 413 3690 a.
464 3627 641 3712 cujuslibet
662 3627 791 3713 generis
813 3627 999 3692 averiorum
1015 3628 1137 3714 ubique
1153 3650 1228 3695 cum
1251 3630 1372 3693 averiis
1395 3629 1518 3694 nostris

464 3730 500 3793 in
512 3730 602 3794 omni
617 3751 756 3814 seysona
771 3731 842 3795 sine
858 3751 994 3795 numero
1010 3731 1256 3816 pascendorum.
1288 3731 1519 3796 Concessimus
1556 3771 1565 3780 ·

465 3834 565 3896 etism
588 3831 694 3896 eidem
719 3830 857 3894 Emulfo
890 3831 1031 3896 liberum
1064 3831 1249 3918 ingressum
1282 3838 1317 3896 et
1349 3854 1517 3919 egressum

465 3954 523 4018 per
546 3938 654 3998 totum
678 3955 802 3997 annum
826 3933 925 3996 unius
947 3932 1090 3996 hominis
1114 3955 1187 3997 cum
1214 3933 1350 3998 utensili
1377 3933 1519 3998 iocinore

465 4035 639 4120 appellato,
663 4035 705 4098 ad
728 4036 861 4100 boscum
885 4039 1036 4099 nostrum
1061 4035 1101 4098 de
1127 4035 1266 4100 Ooufold
1294 4042 1345 4100 ter
1368 4037 1518 4120 quotidie

466 4139 576 4202 euntis
599 4143 633 4201 et
665 4138 801 4202 buscum
824 4138 867 4202 ed
890 4136 997 4202 focum
1032 4157 1130 4200 suum
1164 4137 1395 4201 sustinendum
1428 4137 1518 4201 defe-

466 4240 574 4304 rentis.
623 4237 849 4304 Concessimus
872 4239 974 4303 etiam
997 4238 1103 4311 eidem
1128 4238 1265 4303 Emulfo
1282 4260 1385 4302 unum
1410 4261 1517 4306 corro-

466 4341 558 4404 dium
582 4339 765 4404 monachile
787 4341 964 4426 integrum,
987 4339 1152 4417 videlicet,
1176 4340 1218 4405 de
1250 4340 1371 4407 celario
1404 4348 1519 4406 nostro

466 4464 584 4528 panem
623 4449 657 4506 et
688 4442 858 4506 servisiam
897 4441 1029 4518 bonam,
1075 4442 1115 4506 de
1158 4442 1300 4528 coquina
1333 4450 1519 4509 conventus

466 4547 637 4632 potegium
660 4551 694 4609 et
717 4545 782 4609 duo
806 4545 930 4610 fercula
961 4544 1032 4609 sins
1067 4545 1157 4610 omni
1190 4545 1412 4610 diminutione
1444 4567 1518 4631 per-
1573 4535 1582 4544 ’

467 4649 625 4734 cipienda.
695 4646 922 4712 Concessimus
969 4647 1076 4712 eidem
1121 4669 1180 4712 sex
1227 4645 1323 4712 ulnas
1371 4647 1519 4714 decentis

467 4751 569 4836 panni
592 4772 666 4816 cum
692 4751 812 4836 penula
838 4751 882 4815 ad
916 4751 1038 4815 festum
1062 4749 1221 4814 Omnium
1246 4749 1443 4816 Sanctorum
1475 4747 1520 4816 ad
