<?xml version="1.0" encoding="UTF-8"?>
<!DOCTYPE html PUBLIC "-//W3C//DTD XHTML 1.0 Transitional//EN"
    "http://www.w3.org/TR/xhtml1/DTD/xhtml1-transitional.dtd">
<html xmlns="http://www.w3.org/1999/xhtml" xml:lang="en" lang="en">
 <head>
  <title>
</title>
<meta http-equiv="Content-Type" content="text/html;charset=utf-8" />
  <meta name='ocr-system' content='tesseract 3.04.00' />
  <meta name='ocr-capabilities' content='ocr_page ocr_carea ocr_par ocr_line ocrx_word'/>
</head>
<body>
  <div class='ocr_page' id='page_1' title='image "./registrummalmes00martgoog_0469.png"; bbox 0 0 3524 5808; ppageno 0'>
   <div class='ocr_carea' id='block_1_1' title="bbox 672 887 1306 956">
    <p class='ocr_par' dir='ltr' id='par_1_1' title="bbox 672 887 1306 956">
     <span class='ocr_line' id='line_1_1' title="bbox 672 887 1306 956; baseline -0.003 -5"><span class='ocrx_word' id='word_1_1' title='bbox 672 903 850 952; x_wconf 72' lang='lat' dir='ltr'><strong>uersuum</strong></span> <span class='ocrx_word' id='word_1_2' title='bbox 876 905 897 952; x_wconf 89' lang='lat'><strong>1.</strong></span> <span class='ocrx_word' id='word_1_3' title='bbox 1243 887 1306 956; x_wconf 82' lang='lat'><strong>375</strong></span> 
     </span>
    </p>
   </div>
   <div class='ocr_carea' id='block_1_2' title="bbox 255 1043 1308 1378">
    <p class='ocr_par' dir='ltr' id='par_1_2' title="bbox 255 1043 1308 1378">
     <span class='ocr_line' id='line_1_2' title="bbox 255 1043 1308 1172; baseline 0 -23"><span class='ocrx_word' id='word_1_4' title='bbox 255 1084 384 1150; x_wconf 84' lang='lat' dir='ltr'><strong>firmare</strong></span> <span class='ocrx_word' id='word_1_5' title='bbox 407 1043 594 1170; x_wconf 85' lang='lat' dir='ltr'><strong>praesumat.</strong></span> <span class='ocrx_word' id='word_1_6' title='bbox 641 1085 767 1151; x_wconf 87' lang='lat' dir='ltr'><strong>Datum</strong></span> <span class='ocrx_word' id='word_1_7' title='bbox 790 1086 826 1150; x_wconf 88' lang='lat' dir='ltr'><strong>in</strong></span> <span class='ocrx_word' id='word_1_8' title='bbox 849 1061 993 1172; x_wconf 84' lang='lat' dir='ltr'><strong>capitulo</strong></span> <span class='ocrx_word' id='word_1_9' title='bbox 1016 1089 1129 1151; x_wconf 93' lang='lat' dir='ltr'><strong>nostro</strong></span> <span class='ocrx_word' id='word_1_10' title='bbox 1153 1084 1308 1150; x_wconf 88' lang='lat' dir='ltr'><strong>Malmes-</strong></span> 
     </span>
     <span class='ocr_line' id='line_1_3' title="bbox 255 1186 1306 1274; baseline -0.001 -24"><span class='ocrx_word' id='word_1_11' title='bbox 255 1186 368 1263; x_wconf 84' lang='lat' dir='ltr'><strong>buriae,</strong></span> <span class='ocrx_word' id='word_1_12' title='bbox 392 1187 445 1251; x_wconf 89' lang='lat' dir='ltr'><strong>die</strong></span> <span class='ocrx_word' id='word_1_13' title='bbox 469 1187 608 1253; x_wconf 84' lang='lat' dir='ltr'><strong>Sabbati</strong></span> <span class='ocrx_word' id='word_1_14' title='bbox 633 1188 786 1274; x_wconf 85' lang='lat' dir='ltr'><strong>proxima</strong></span> <span class='ocrx_word' id='word_1_15' title='bbox 819 1193 896 1252; x_wconf 89' lang='lat' dir='ltr'><strong>ante</strong></span> <span class='ocrx_word' id='word_1_16' title='bbox 931 1188 1052 1253; x_wconf 88' lang='lat' dir='ltr'><strong>festum</strong></span> <span class='ocrx_word' id='word_1_17' title='bbox 1076 1186 1306 1254; x_wconf 83' lang='lat' dir='ltr'><strong>Conversionis</strong></span> 
     </span>
     <span class='ocr_line' id='line_1_4' title="bbox 256 1286 1291 1378; baseline 0 -26"><span class='ocrx_word' id='word_1_18' title='bbox 256 1286 370 1354; x_wconf 81' lang='lat' dir='ltr'><strong>Sancti</strong></span> <span class='ocrx_word' id='word_1_19' title='bbox 393 1287 498 1365; x_wconf 85' lang='lat' dir='ltr'><strong>Pauli,</strong></span> <span class='ocrx_word' id='word_1_20' title='bbox 521 1311 608 1354; x_wconf 89' lang='lat' dir='ltr'><strong>anno</strong></span> <span class='ocrx_word' id='word_1_21' title='bbox 631 1290 767 1354; x_wconf 78' lang='lat' dir='ltr'>Domini</span> <span class='ocrx_word' id='word_1_22' title='bbox 790 1300 898 1356; x_wconf 82' lang='lat' dir='ltr'><strong>M.⁰cc⁰.</strong></span> <span class='ocrx_word' id='word_1_23' title='bbox 923 1291 1120 1378; x_wconf 82' lang='lat' dir='ltr'><strong>octogesimo</strong></span> <span class='ocrx_word' id='word_1_24' title='bbox 1144 1291 1291 1375; x_wconf 87' lang='lat' dir='ltr'><strong>septimo.</strong></span> 
     </span>
    </p>
   </div>
   <div class='ocr_carea' id='block_1_3' title="bbox 257 1388 1306 1555">
    <p class='ocr_par' dir='ltr' id='par_1_3' title="bbox 257 1388 1306 1555">
     <span class='ocr_line' id='line_1_5' title="bbox 258 1388 1306 1553; baseline 0 -100"><span class='ocrx_word' id='word_1_25' title='bbox 258 1490 265 1504; x_wconf 31' lang='grc' dir='ltr'>ι</span> <span class='ocrx_word' id='word_1_26' title='bbox 300 1388 360 1553; x_wconf 88' lang='lat' dir='ltr'><strong>Del</strong></span> <span class='ocrx_word' id='word_1_27' title='bbox 383 1389 479 1454; x_wconf 91' lang='lat' dir='ltr'><strong>domo</strong></span> <span class='ocrx_word' id='word_1_28' title='bbox 503 1389 641 1456; x_wconf 88' lang='lat' dir='ltr'><strong>Robsrti</strong></span> <span class='ocrx_word' id='word_1_29' title='bbox 664 1391 833 1475; x_wconf 88' lang='lat' dir='ltr'><strong>Nywman</strong></span> <span class='ocrx_word' id='word_1_30' title='bbox 868 1390 1029 1476; x_wconf 89' lang='lat' dir='ltr'><strong>capellani</strong></span> <span class='ocrx_word' id='word_1_31' title='bbox 1051 1394 1087 1455; x_wconf 88' lang='lat' dir='ltr'><strong>in</strong></span> <span class='ocrx_word' id='word_1_32' title='bbox 1110 1391 1306 1476; x_wconf 87' lang='lat' dir='ltr'><strong>Westeport‚</strong></span> 
     </span>
     <span class='ocr_line' id='line_1_6' title="bbox 257 1511 368 1555; baseline 0.018 -2"><span class='ocrx_word' id='word_1_33' title='bbox 257 1512 288 1554; x_wconf 92' lang='lat' dir='ltr'><strong>n.</strong></span> <span class='ocrx_word' id='word_1_34' title='bbox 313 1511 368 1555; x_wconf 91' lang='lat' dir='ltr'><strong>so.</strong></span> 
     </span>
    </p>
   </div>
   <div class='ocr_carea' id='block_1_4' title="bbox 300 1591 1039 1670">
    <p class='ocr_par' dir='ltr' id='par_1_4' title="bbox 300 1591 1039 1670">
     <span class='ocr_line' id='line_1_7' title="bbox 300 1591 1039 1670; baseline 0.005 -12"><span class='ocrx_word' id='word_1_35' title='bbox 300 1591 444 1670; x_wconf 90' lang='lat' dir='ltr'><strong>Summa,</strong></span> <span class='ocrx_word' id='word_1_36' title='bbox 467 1596 559 1658; x_wconf 81' lang='lat' dir='ltr'><strong>xxxi.</strong></span> <span class='ocrx_word' id='word_1_37' title='bbox 584 1618 606 1661; x_wconf 86' lang='lat' dir='ltr'><strong>s.</strong></span> <span class='ocrx_word' id='word_1_38' title='bbox 631 1596 700 1660; x_wconf 85' lang='lat' dir='ltr'><strong>viii.</strong></span> <span class='ocrx_word' id='word_1_39' title='bbox 724 1597 754 1663; x_wconf 79' lang='lat' dir='ltr'><strong>ct.</strong></span> <span class='ocrx_word' id='word_1_40' title='bbox 779 1596 868 1661; x_wconf 91' lang='lat' dir='ltr'><strong>etii.</strong></span> <span class='ocrx_word' id='word_1_41' title='bbox 893 1595 925 1660; x_wconf 92' lang='lat' dir='ltr'><strong>li.</strong></span> <span class='ocrx_word' id='word_1_42' title='bbox 950 1616 1039 1662; x_wconf 83' lang='lat' dir='ltr'><strong>cerae.</strong></span> 
     </span>
    </p>
   </div>
   <div class='ocr_carea' id='block_1_5' title="bbox 256 1933 1389 2230">
    <p class='ocr_par' dir='ltr' id='par_1_5' title="bbox 256 1933 1389 2230">
     <span class='ocr_line' id='line_1_8' title="bbox 256 1933 1389 2022; baseline 0.006 -24"><span class='ocrx_word' id='word_1_43' title='bbox 256 1933 359 2006; x_wconf 80' lang='lat' dir='ltr'><strong>Carta</strong></span> <span class='ocrx_word' id='word_1_44' title='bbox 383 1933 519 2002; x_wconf 78' lang='lat' dir='ltr'><strong>domiui</strong></span> <span class='ocrx_word' id='word_1_45' title='bbox 548 1935 705 2001; x_wconf 77' lang='lat' dir='ltr'><strong>Willulmi</strong></span> <span class='ocrx_word' id='word_1_46' title='bbox 733 1935 773 2001; x_wconf 73' lang='lat' dir='ltr'><strong>&lt;le</strong></span> <span class='ocrx_word' id='word_1_47' title='bbox 797 1934 932 2002; x_wconf 65' lang='lat' dir='ltr'><strong>colerae</strong></span> <span class='ocrx_word' id='word_1_48' title='bbox 956 1934 1085 2002; x_wconf 80' lang='lat' dir='ltr'><strong>obbatis</strong></span> <span class='ocrx_word' id='word_1_49' title='bbox 1110 1933 1206 2022; x_wconf 79' lang='lat' dir='ltr'><strong>faeta</strong></span> <span class='ocrx_word' id='word_1_50' title='bbox 1229 1952 1334 2005; x_wconf 81' lang='lat' dir='ltr'><strong>coa-f.</strong></span> <span class='ocrx_word' id='word_1_51' title='bbox 1350 1959 1389 2006; x_wconf 84' lang='grc' dir='ltr'><strong>ιο.</strong></span> 
     </span>
     <span class='ocr_line' id='line_1_9' title="bbox 343 2036 1305 2124; baseline 0.001 -21"><span class='ocrx_word' id='word_1_52' title='bbox 343 2037 461 2103; x_wconf 74' lang='lat' dir='ltr'><strong>caetui</strong></span> <span class='ocrx_word' id='word_1_53' title='bbox 500 2037 540 2103; x_wconf 79' lang='lat' dir='ltr'><strong>cle</strong></span> <span class='ocrx_word' id='word_1_54' title='bbox 574 2039 610 2103; x_wconf 83' lang='lat' dir='ltr'><strong>lo</strong></span> <span class='ocrx_word' id='word_1_55' title='bbox 647 2036 877 2104; x_wconf 80' lang='lat' dir='ltr'><strong>Blulrctuuucle</strong></span> <span class='ocrx_word' id='word_1_56' title='bbox 908 2038 954 2104; x_wconf 77' lang='lat' dir='ltr'><strong>cul</strong></span> <span class='ocrx_word' id='word_1_57' title='bbox 993 2038 1305 2124; x_wconf 59' lang='lat' dir='ltr'><em>augmentationem</em></span> 
     </span>
     <span class='ocr_line' id='line_1_10' title="bbox 345 2143 711 2230; baseline 0.003 -23"><span class='ocrx_word' id='word_1_58' title='bbox 345 2143 498 2230; x_wconf 73' lang='lat' dir='ltr'><strong>coquitur</strong></span> <span class='ocrx_word' id='word_1_59' title='bbox 523 2150 711 2210; x_wconf 74' lang='lat' dir='ltr'><strong>conventus.</strong></span> 
     </span>
    </p>
   </div>
   <div class='ocr_carea' id='block_1_6' title="bbox 257 2443 1477 2837">
    <p class='ocr_par' dir='ltr' id='par_1_6' title="bbox 257 2443 1477 2837">
     <span class='ocr_line' id='line_1_11' title="bbox 298 2443 1427 2530; baseline 0.002 -20"><span class='ocrx_word' id='word_1_60' title='bbox 298 2443 473 2510; x_wconf 83' lang='lat' dir='ltr'><strong>Universis</strong></span> <span class='ocrx_word' id='word_1_61' title='bbox 497 2449 621 2510; x_wconf 84' lang='lat' dir='ltr'><strong>sanctae</strong></span> <span class='ocrx_word' id='word_1_62' title='bbox 644 2444 762 2510; x_wconf 90' lang='lat' dir='ltr'><strong>matris</strong></span> <span class='ocrx_word' id='word_1_63' title='bbox 795 2443 940 2510; x_wconf 80' lang='lat' dir='ltr'><strong>ecclesiae</strong></span> <span class='ocrx_word' id='word_1_64' title='bbox 965 2443 1052 2520; x_wconf 87' lang='lat' dir='ltr'><strong>filiis,</strong></span> <span class='ocrx_word' id='word_1_65' title='bbox 1075 2449 1110 2509; x_wconf 90' lang='lat' dir='ltr'><strong>et</strong></span> <span class='ocrx_word' id='word_1_66' title='bbox 1141 2444 1304 2530; x_wconf 86' lang='lat' dir='ltr'><strong>praecipue</strong></span> <span class='ocrx_word' id='word_1_67' title='bbox 1320 2454 1427 2521; x_wconf 71' lang='lat' dir='ltr'><strong>nesign-</strong></span> 
     </span>
     <span class='ocr_line' id='line_1_12' title="bbox 257 2521 1475 2638; baseline 0.002 -27"><span class='ocrx_word' id='word_1_68' title='bbox 257 2545 433 2611; x_wconf 89' lang='lat' dir='ltr'><strong>abbatibus</strong></span> <span class='ocrx_word' id='word_1_69' title='bbox 471 2552 506 2610; x_wconf 90' lang='lat' dir='ltr'><strong>et</strong></span> <span class='ocrx_word' id='word_1_70' title='bbox 543 2547 702 2612; x_wconf 89' lang='lat' dir='ltr'><strong>fratribus</strong></span> <span class='ocrx_word' id='word_1_71' title='bbox 751 2546 846 2611; x_wconf 90' lang='lat' dir='ltr'><strong>nobis</strong></span> <span class='ocrx_word' id='word_1_72' title='bbox 892 2568 949 2633; x_wconf 92' lang='lat' dir='ltr'><strong>per</strong></span> <span class='ocrx_word' id='word_1_73' title='bbox 987 2545 1051 2609; x_wconf 87' lang='lat' dir='ltr'><strong>Dei</strong></span> <span class='ocrx_word' id='word_1_74' title='bbox 1088 2546 1230 2631; x_wconf 75' lang='lat' dir='ltr'><strong>gratiam</strong></span> <span class='ocrx_word' id='word_1_75' title='bbox 1268 2546 1304 2609; x_wconf 91' lang='lat' dir='ltr'><strong>in</strong></span> <span class='ocrx_word' id='word_1_76' title='bbox 1318 2521 1475 2638; x_wconf 57' lang='lat' dir='ltr'><strong>ffiefofnde</strong></span> 
     </span>
     <span class='ocr_line' id='line_1_13' title="bbox 257 2646 1424 2722; baseline 0.003 -12"><span class='ocrx_word' id='word_1_77' title='bbox 257 2646 541 2712; x_wconf 85' lang='lat' dir='ltr'><strong>Malmesburiensi</strong></span> <span class='ocrx_word' id='word_1_78' title='bbox 579 2648 714 2712; x_wconf 90' lang='lat' dir='ltr'><strong>cenobio</strong></span> <span class='ocrx_word' id='word_1_79' title='bbox 746 2647 950 2722; x_wconf 83' lang='lat' dir='ltr'><strong>successuris,</strong></span> <span class='ocrx_word' id='word_1_80' title='bbox 981 2647 1083 2710; x_wconf 80' lang='lat' dir='ltr'><strong>frater</strong></span> <span class='ocrx_word' id='word_1_81' title='bbox 1121 2646 1305 2711; x_wconf 90' lang='lat' dir='ltr'><strong>Willelmus</strong></span> <span class='ocrx_word' id='word_1_82' title='bbox 1318 2655 1424 2704; x_wconf 79' lang='lat' dir='ltr'><strong>andthe</strong></span> 
     </span>
     <span class='ocr_line' id='line_1_14' title="bbox 257 2722 1477 2837; baseline 0.002 -24"><span class='ocrx_word' id='word_1_83' title='bbox 257 2749 297 2813; x_wconf 90' lang='lat' dir='ltr'><strong>de</strong></span> <span class='ocrx_word' id='word_1_84' title='bbox 321 2747 467 2825; x_wconf 83' lang='lat' dir='ltr'><strong>Colerne,</strong></span> <span class='ocrx_word' id='word_1_85' title='bbox 493 2748 794 2822; x_wconf 86' lang='lat' dir='ltr'><strong>Malmesburiensis</strong></span> <span class='ocrx_word' id='word_1_86' title='bbox 818 2748 960 2813; x_wconf 77' lang='lat' dir='ltr'><strong>ecclesiae</strong></span> <span class='ocrx_word' id='word_1_87' title='bbox 983 2747 1133 2812; x_wconf 78' lang='lat' dir='ltr'><strong>minister</strong></span> <span class='ocrx_word' id='word_1_88' title='bbox 1163 2747 1305 2826; x_wconf 86' lang='lat' dir='ltr'><strong>humilis,</strong></span> <span class='ocrx_word' id='word_1_89' title='bbox 1319 2722 1477 2837; x_wconf 47' lang='lat' dir='ltr'><strong>{mom</strong></span> 
     </span>
    </p>
   </div>
   <div class='ocr_carea' id='block_1_7' title="bbox 238 2850 1467 4776">
    <p class='ocr_par' dir='ltr' id='par_1_7' title="bbox 238 2850 1467 3560">
     <span class='ocr_line' id='line_1_15' title="bbox 256 2850 1423 2937; baseline -0.001 -21"><span class='ocrx_word' id='word_1_90' title='bbox 256 2851 397 2916; x_wconf 86' lang='lat' dir='ltr'><strong>salutem</strong></span> <span class='ocrx_word' id='word_1_91' title='bbox 420 2851 457 2914; x_wconf 91' lang='lat' dir='ltr'><strong>in</strong></span> <span class='ocrx_word' id='word_1_92' title='bbox 480 2851 623 2916; x_wconf 89' lang='lat' dir='ltr'><strong>Domino</strong></span> <span class='ocrx_word' id='word_1_93' title='bbox 646 2852 886 2937; x_wconf 88' lang='lat' dir='ltr'><strong>sempiternam.</strong></span> <span class='ocrx_word' id='word_1_94' title='bbox 933 2850 1106 2930; x_wconf 78' lang='lat' dir='ltr'><strong>Quoniam,</strong></span> <span class='ocrx_word' id='word_1_95' title='bbox 1138 2851 1225 2915; x_wconf 91' lang='lat' dir='ltr'><strong>sicut</strong></span> <span class='ocrx_word' id='word_1_96' title='bbox 1258 2853 1362 2916; x_wconf 71' lang='lat' dir='ltr'><strong>aitthe</strong></span> <span class='ocrx_word' id='word_1_97' title='bbox 1375 2853 1423 2902; x_wconf 84' lang='lat' dir='ltr'><strong>im-</strong></span> 
     </span>
     <span class='ocr_line' id='line_1_16' title="bbox 256 2929 1467 3039; baseline 0.002 -23"><span class='ocrx_word' id='word_1_98' title='bbox 256 2951 456 3039; x_wconf 82' lang='lat' dir='ltr'><strong>Apostolus;</strong></span> <span class='ocrx_word' id='word_1_99' title='bbox 497 2951 618 3018; x_wconf 78' lang='lat' dir='ltr'><strong>Omnes</strong></span> <span class='ocrx_word' id='word_1_100' title='bbox 665 2953 711 3018; x_wconf 84' lang='lat' dir='ltr'><strong>ud</strong></span> <span class='ocrx_word' id='word_1_101' title='bbox 753 2951 911 3018; x_wconf 80' lang='lat' dir='ltr'><strong>tribuual</strong></span> <span class='ocrx_word' id='word_1_102' title='bbox 957 2950 1098 3016; x_wconf 83' lang='lat' dir='ltr'><strong>Judieis</strong></span> <span class='ocrx_word' id='word_1_103' title='bbox 1140 2929 1467 3036; x_wconf 54' lang='lat' dir='ltr'><strong>stulu&#39;mue{Ji‘ffiment</strong></span> 
     </span>
     <span class='ocr_line' id='line_1_17' title="bbox 256 3052 1439 3168; baseline 0 -49"><span class='ocrx_word' id='word_1_104' title='bbox 256 3053 425 3141; x_wconf 80' lang='lat' dir='ltr'><strong>recepturi</strong></span> <span class='ocrx_word' id='word_1_105' title='bbox 458 3055 526 3119; x_wconf 80' lang='lat' dir='ltr'><strong>sive</strong></span> <span class='ocrx_word' id='word_1_106' title='bbox 557 3054 685 3120; x_wconf 82' lang='lat' dir='ltr'><strong>bouum</strong></span> <span class='ocrx_word' id='word_1_107' title='bbox 720 3054 788 3119; x_wconf 83' lang='lat' dir='ltr'><strong>sive</strong></span> <span class='ocrx_word' id='word_1_108' title='bbox 813 3054 948 3119; x_wconf 78' lang='lat' dir='ltr'><strong>molum</strong></span> <span class='ocrx_word' id='word_1_109' title='bbox 977 3052 1099 3138; x_wconf 81' lang='lat' dir='ltr'><strong>fuerit,</strong></span> <span class='ocrx_word' id='word_1_110' title='bbox 1122 3062 1228 3138; x_wconf 82' lang='lat' dir='ltr'><strong>prout</strong></span> <span class='ocrx_word' id='word_1_111' title='bbox 1264 3053 1439 3168; x_wconf 49' lang='lat' dir='ltr'><strong>tukgtcptflsl</strong></span> 
     </span>
     <span class='ocr_line' id='line_1_18' title="bbox 256 3125 1420 3245; baseline -0.001 -22"><span class='ocrx_word' id='word_1_112' title='bbox 256 3179 390 3245; x_wconf 79' lang='lat' dir='ltr'><strong>corpore</strong></span> <span class='ocrx_word' id='word_1_113' title='bbox 422 3155 609 3242; x_wconf 49' lang='lat' dir='ltr'><strong>pessimum</strong></span> <span class='ocrx_word' id='word_1_114' title='bbox 648 3161 780 3242; x_wconf 87' lang='lat' dir='ltr'><strong>oportet</strong></span> <span class='ocrx_word' id='word_1_115' title='bbox 813 3177 873 3221; x_wconf 87' lang='lat' dir='ltr'><strong>nos</strong></span> <span class='ocrx_word' id='word_1_116' title='bbox 905 3176 981 3241; x_wconf 86' lang='lat' dir='ltr'><strong>ergo</strong></span> <span class='ocrx_word' id='word_1_117' title='bbox 1016 3155 1103 3220; x_wconf 89' lang='lat' dir='ltr'><strong>diem</strong></span> <span class='ocrx_word' id='word_1_118' title='bbox 1136 3157 1306 3222; x_wconf 88' lang='lat' dir='ltr'><strong>messionis</strong></span> <span class='ocrx_word' id='word_1_119' title='bbox 1318 3125 1406 3236; x_wconf 46' lang='lat' dir='ltr'><strong>im?</strong></span> <span class='ocrx_word' id='word_1_120' title='bbox 1407 3135 1420 3168; x_wconf 46' lang='grc' dir='ltr'><em>τ</em></span> 
     </span>
     <span class='ocr_line' id='line_1_19' title="bbox 257 3258 1303 3345; baseline -0.001 -20"><span class='ocrx_word' id='word_1_121' title='bbox 257 3266 415 3325; x_wconf 77' lang='lat' dir='ltr'><strong>extremes</strong></span> <span class='ocrx_word' id='word_1_122' title='bbox 438 3259 593 3345; x_wconf 88' lang='lat' dir='ltr'><strong>operibus</strong></span> <span class='ocrx_word' id='word_1_123' title='bbox 626 3258 859 3324; x_wconf 76' lang='lat' dir='ltr'><strong>misericordiae</strong></span> <span class='ocrx_word' id='word_1_124' title='bbox 894 3258 1086 3344; x_wconf 85' lang='lat' dir='ltr'><strong>praevenire,</strong></span> <span class='ocrx_word' id='word_1_125' title='bbox 1111 3263 1145 3322; x_wconf 90' lang='lat' dir='ltr'><strong>et</strong></span> <span class='ocrx_word' id='word_1_126' title='bbox 1176 3260 1303 3324; x_wconf 89' lang='lat' dir='ltr'><strong>intuitu</strong></span> 
     </span>
     <span class='ocr_line' id='line_1_20' title="bbox 258 3361 1308 3438; baseline -0.001 -10"><span class='ocrx_word' id='word_1_127' title='bbox 258 3363 372 3428; x_wconf 88' lang='lat' dir='ltr'><strong>divino</strong></span> <span class='ocrx_word' id='word_1_128' title='bbox 394 3363 613 3428; x_wconf 84' lang='lat' dir='ltr'><strong>seminarem</strong></span> <span class='ocrx_word' id='word_1_129' title='bbox 646 3363 750 3438; x_wconf 90' lang='lat' dir='ltr'><strong>terris,</strong></span> <span class='ocrx_word' id='word_1_130' title='bbox 773 3362 862 3425; x_wconf 90' lang='lat' dir='ltr'><strong>unde</strong></span> <span class='ocrx_word' id='word_1_131' title='bbox 897 3361 933 3424; x_wconf 88' lang='lat' dir='ltr'><strong>in</strong></span> <span class='ocrx_word' id='word_1_132' title='bbox 966 3370 1114 3425; x_wconf 84' lang='lat' dir='ltr'><strong>extrema</strong></span> <span class='ocrx_word' id='word_1_133' title='bbox 1148 3363 1308 3427; x_wconf 90' lang='lat' dir='ltr'><strong>messione</strong></span> 
     </span>
     <span class='ocr_line' id='line_1_21' title="bbox 238 3462 1309 3560; baseline -0.002 -30"><span class='ocrx_word' id='word_1_134' title='bbox 238 3466 435 3560; x_wconf 49' lang='lat' dir='ltr'><strong>&#39;promereri</strong></span> <span class='ocrx_word' id='word_1_135' title='bbox 457 3467 639 3551; x_wconf 72' lang='lat' dir='ltr'><strong>poterimus</strong></span> <span class='ocrx_word' id='word_1_136' title='bbox 656 3469 690 3530; x_wconf 92' lang='lat' dir='ltr'><strong>et</strong></span> <span class='ocrx_word' id='word_1_137' title='bbox 705 3463 857 3552; x_wconf 81' lang='lat' dir='ltr'><strong>colligere</strong></span> <span class='ocrx_word' id='word_1_138' title='bbox 872 3462 1059 3549; x_wconf 87' lang='lat' dir='ltr'><strong>manipnlos</strong></span> <span class='ocrx_word' id='word_1_139' title='bbox 1075 3468 1207 3528; x_wconf 89' lang='lat' dir='ltr'><strong>aetemae</strong></span> <span class='ocrx_word' id='word_1_140' title='bbox 1223 3485 1309 3528; x_wconf 90' lang='lat' dir='ltr'><strong>mer-</strong></span> 
     </span>
    </p>

    <p class='ocr_par' dir='ltr' id='par_1_8' title="bbox 258 3565 1310 3654">
     <span class='ocr_line' id='line_1_22' title="bbox 258 3565 1310 3654; baseline -0.002 -22"><span class='ocrx_word' id='word_1_141' title='bbox 258 3567 345 3632; x_wconf 84' lang='lat' dir='ltr'><strong>cedis</strong></span> <span class='ocrx_word' id='word_1_142' title='bbox 369 3571 403 3632; x_wconf 87' lang='lat' dir='ltr'><strong>et</strong></span> <span class='ocrx_word' id='word_1_143' title='bbox 418 3569 568 3653; x_wconf 82' lang='lat' dir='ltr'><strong>gramina</strong></span> <span class='ocrx_word' id='word_1_144' title='bbox 589 3569 780 3654; x_wconf 87' lang='lat' dir='ltr'><strong>gratiarum.</strong></span> <span class='ocrx_word' id='word_1_145' title='bbox 820 3565 885 3631; x_wconf 87' lang='lat' dir='ltr'><strong>Sed</strong></span> <span class='ocrx_word' id='word_1_146' title='bbox 909 3566 988 3652; x_wconf 90' lang='lat' dir='ltr'><strong>quia</strong></span> <span class='ocrx_word' id='word_1_147' title='bbox 1010 3566 1098 3630; x_wconf 87' lang='lat' dir='ltr'><strong>facta</strong></span> <span class='ocrx_word' id='word_1_148' title='bbox 1121 3566 1310 3630; x_wconf 77' lang='lat' dir='ltr'><strong>mortalium</strong></span> 
     </span>
    </p>

    <p class='ocr_par' dir='ltr' id='par_1_9' title="bbox 257 3668 1310 3757">
     <span class='ocr_line' id='line_1_23' title="bbox 257 3668 1310 3757; baseline -0.001 -23"><span class='ocrx_word' id='word_1_149' title='bbox 257 3691 317 3757; x_wconf 89' lang='lat' dir='ltr'><strong>per</strong></span> <span class='ocrx_word' id='word_1_150' title='bbox 338 3675 525 3755; x_wconf 89' lang='lat' dir='ltr'><strong>temporum</strong></span> <span class='ocrx_word' id='word_1_151' title='bbox 549 3671 768 3736; x_wconf 75' lang='lat' dir='ltr'><strong>variationem</strong></span> <span class='ocrx_word' id='word_1_152' title='bbox 792 3676 826 3734; x_wconf 94' lang='lat' dir='ltr'><strong>et</strong></span> <span class='ocrx_word' id='word_1_153' title='bbox 850 3668 1062 3756; x_wconf 84' lang='lat' dir='ltr'><strong>praelatorum</strong></span> <span class='ocrx_word' id='word_1_154' title='bbox 1089 3669 1310 3734; x_wconf 89' lang='lat' dir='ltr'><strong>mutationem</strong></span> 
     </span>
    </p>

    <p class='ocr_par' dir='ltr' id='par_1_10' title="bbox 259 3771 1312 4164">
     <span class='ocr_line' id='line_1_24' title="bbox 259 3771 1311 3857; baseline -0.003 -20"><span class='ocrx_word' id='word_1_155' title='bbox 259 3773 301 3837; x_wconf 89' lang='lat' dir='ltr'><strong>de</strong></span> <span class='ocrx_word' id='word_1_156' title='bbox 334 3771 423 3837; x_wconf 87' lang='lat' dir='ltr'><strong>facili</strong></span> <span class='ocrx_word' id='word_1_157' title='bbox 458 3772 617 3838; x_wconf 90' lang='lat' dir='ltr'><strong>oblivioni</strong></span> <span class='ocrx_word' id='word_1_158' title='bbox 640 3775 827 3849; x_wconf 86' lang='lat' dir='ltr'><strong>traduntur,</strong></span> <span class='ocrx_word' id='word_1_159' title='bbox 850 3771 915 3836; x_wconf 90' lang='lat' dir='ltr'><strong>nisi</strong></span> <span class='ocrx_word' id='word_1_160' title='bbox 950 3772 1119 3857; x_wconf 76' lang='lat' dir='ltr'><strong>scripturae</strong></span> <span class='ocrx_word' id='word_1_161' title='bbox 1154 3771 1311 3836; x_wconf 87' lang='lat' dir='ltr'><strong>beneficio</strong></span> 
     </span>
     <span class='ocr_line' id='line_1_25' title="bbox 260 3873 1312 3961; baseline 0 -23"><span class='ocrx_word' id='word_1_162' title='bbox 260 3875 462 3950; x_wconf 88' lang='lat' dir='ltr'><strong>muniantur,</strong></span> <span class='ocrx_word' id='word_1_163' title='bbox 494 3880 534 3939; x_wconf 91' lang='lat' dir='ltr'><strong>ut</strong></span> <span class='ocrx_word' id='word_1_164' title='bbox 570 3875 658 3961; x_wconf 90' lang='lat' dir='ltr'><strong>apud</strong></span> <span class='ocrx_word' id='word_1_165' title='bbox 697 3875 815 3939; x_wconf 86' lang='lat' dir='ltr'><strong>fratres</strong></span> <span class='ocrx_word' id='word_1_166' title='bbox 849 3879 978 3939; x_wconf 88' lang='lat' dir='ltr'><strong>nostros</strong></span> <span class='ocrx_word' id='word_1_167' title='bbox 1016 3874 1075 3956; x_wconf 90' lang='lat' dir='ltr'><strong>qui</strong></span> <span class='ocrx_word' id='word_1_168' title='bbox 1108 3873 1203 3938; x_wconf 89' lang='lat' dir='ltr'><strong>nobis</strong></span> <span class='ocrx_word' id='word_1_169' title='bbox 1237 3879 1312 3960; x_wconf 89' lang='lat' dir='ltr'><strong>post</strong></span> 
     </span>
     <span class='ocr_line' id='line_1_26' title="bbox 260 3975 1312 4052; baseline 0.001 -11"><span class='ocrx_word' id='word_1_170' title='bbox 260 3981 381 4042; x_wconf 84' lang='lat' dir='ltr'><strong>nostrae</strong></span> <span class='ocrx_word' id='word_1_171' title='bbox 403 3977 511 4042; x_wconf 85' lang='lat' dir='ltr'><strong>earnis</strong></span> <span class='ocrx_word' id='word_1_172' title='bbox 533 3977 782 4042; x_wconf 80' lang='lat' dir='ltr'><strong>dissolutionem</strong></span> <span class='ocrx_word' id='word_1_173' title='bbox 805 3975 989 4052; x_wconf 89' lang='lat' dir='ltr'><strong>suecedent,</strong></span> <span class='ocrx_word' id='word_1_174' title='bbox 1011 3997 1123 4040; x_wconf 84' lang='lat' dir='ltr'><strong>reeens</strong></span> <span class='ocrx_word' id='word_1_175' title='bbox 1155 3977 1312 4042; x_wconf 88' lang='lat' dir='ltr'><strong>memoria</strong></span> 
     </span>
     <span class='ocr_line' id='line_1_27' title="bbox 259 4077 1311 4164; baseline 0.001 -22"><span class='ocrx_word' id='word_1_176' title='bbox 259 4083 419 4164; x_wconf 87' lang='lat' dir='ltr'><strong>perpetuo</strong></span> <span class='ocrx_word' id='word_1_177' title='bbox 453 4077 625 4156; x_wconf 82' lang='lat' dir='ltr'><strong>habeatur,</strong></span> <span class='ocrx_word' id='word_1_178' title='bbox 659 4083 742 4164; x_wconf 92' lang='lat' dir='ltr'><strong>quot</strong></span> <span class='ocrx_word' id='word_1_179' title='bbox 771 4083 806 4143; x_wconf 91' lang='lat' dir='ltr'><strong>et</strong></span> <span class='ocrx_word' id='word_1_180' title='bbox 829 4078 963 4163; x_wconf 91' lang='lat' dir='ltr'><strong>quantis</strong></span> <span class='ocrx_word' id='word_1_181' title='bbox 996 4077 1191 4155; x_wconf 89' lang='lat' dir='ltr'><strong>redditibus,</strong></span> <span class='ocrx_word' id='word_1_182' title='bbox 1215 4080 1311 4144; x_wconf 86' lang='lat' dir='ltr'><strong>terris</strong></span> 
     </span>
    </p>

    <p class='ocr_par' dir='ltr' id='par_1_11' title="bbox 258 4179 1312 4471">
     <span class='ocr_line' id='line_1_28' title="bbox 260 4179 1311 4266; baseline 0.001 -21"><span class='ocrx_word' id='word_1_183' title='bbox 260 4184 295 4245; x_wconf 90' lang='lat' dir='ltr'><strong>et</strong></span> <span class='ocrx_word' id='word_1_184' title='bbox 325 4179 584 4266; x_wconf 76' lang='lat' dir='ltr'><strong>possessionibus</strong></span> <span class='ocrx_word' id='word_1_185' title='bbox 622 4185 656 4245; x_wconf 90' lang='lat' dir='ltr'><strong>et</strong></span> <span class='ocrx_word' id='word_1_186' title='bbox 694 4180 861 4246; x_wconf 85' lang='lat' dir='ltr'><strong>benefieiis</strong></span> <span class='ocrx_word' id='word_1_187' title='bbox 899 4179 974 4244; x_wconf 87' lang='lat' dir='ltr'><strong>aliis</strong></span> <span class='ocrx_word' id='word_1_188' title='bbox 1011 4179 1175 4244; x_wconf 84' lang='lat' dir='ltr'><strong>talentum</strong></span> <span class='ocrx_word' id='word_1_189' title='bbox 1215 4181 1311 4246; x_wconf 89' lang='lat' dir='ltr'><strong>nobis</strong></span> 
     </span>
     <span class='ocr_line' id='line_1_29' title="bbox 258 4281 1311 4368; baseline -0.002 -20"><span class='ocrx_word' id='word_1_190' title='bbox 258 4282 467 4348; x_wconf 90' lang='lat' dir='ltr'><strong>commissum</strong></span> <span class='ocrx_word' id='word_1_191' title='bbox 506 4287 653 4368; x_wconf 88' lang='lat' dir='ltr'><strong>tempore</strong></span> <span class='ocrx_word' id='word_1_192' title='bbox 690 4283 794 4347; x_wconf 89' lang='lat' dir='ltr'><strong>nostri</strong></span> <span class='ocrx_word' id='word_1_193' title='bbox 829 4281 1007 4367; x_wconf 86' lang='lat' dir='ltr'><strong>regiminis,</strong></span> <span class='ocrx_word' id='word_1_194' title='bbox 1043 4283 1145 4346; x_wconf 87' lang='lat' dir='ltr'><strong>variis</strong></span> <span class='ocrx_word' id='word_1_195' title='bbox 1188 4287 1223 4368; x_wconf 82' lang='lat' dir='ltr'><strong>et</strong></span> <span class='ocrx_word' id='word_1_196' title='bbox 1260 4283 1311 4346; x_wconf 92' lang='lat' dir='ltr'><strong>in·</strong></span> 
     </span>
     <span class='ocr_line' id='line_1_30' title="bbox 259 4382 1312 4471; baseline -0.001 -23"><span class='ocrx_word' id='word_1_197' title='bbox 259 4385 380 4450; x_wconf 83' lang='lat' dir='ltr'><strong>mensis</strong></span> <span class='ocrx_word' id='word_1_198' title='bbox 403 4384 591 4471; x_wconf 86' lang='lat' dir='ltr'><strong>sumptibus</strong></span> <span class='ocrx_word' id='word_1_199' title='bbox 614 4383 729 4449; x_wconf 88' lang='lat' dir='ltr'><strong>divina</strong></span> <span class='ocrx_word' id='word_1_200' title='bbox 762 4383 971 4447; x_wconf 83' lang='lat' dir='ltr'><strong>miseratione</strong></span> <span class='ocrx_word' id='word_1_201' title='bbox 1005 4382 1166 4468; x_wconf 86' lang='lat' dir='ltr'><strong>largiente</strong></span> <span class='ocrx_word' id='word_1_202' title='bbox 1200 4383 1312 4448; x_wconf 85' lang='lat' dir='ltr'><strong>feceri-</strong></span> 
     </span>
    </p>

    <p class='ocr_par' dir='ltr' id='par_1_12' title="bbox 260 4483 1309 4574">
     <span class='ocr_line' id='line_1_31' title="bbox 260 4483 1309 4574; baseline -0.003 -23"><span class='ocrx_word' id='word_1_203' title='bbox 260 4507 335 4551; x_wconf 88' lang='lat' dir='ltr'><strong>mus</strong></span> <span class='ocrx_word' id='word_1_204' title='bbox 367 4487 596 4574; x_wconf 74' lang='lat' dir='ltr'><strong>augmentari,</strong></span> <span class='ocrx_word' id='word_1_205' title='bbox 630 4491 749 4572; x_wconf 87' lang='lat' dir='ltr'><strong>prseter</strong></span> <span class='ocrx_word' id='word_1_206' title='bbox 779 4507 915 4570; x_wconf 86' lang='lat' dir='ltr'><strong>eaquae</strong></span> <span class='ocrx_word' id='word_1_207' title='bbox 950 4486 986 4547; x_wconf 91' lang='lat' dir='ltr'><strong>in</strong></span> <span class='ocrx_word' id='word_1_208' title='bbox 1009 4483 1148 4548; x_wconf 87' lang='lat' dir='ltr'><strong>diversis</strong></span> <span class='ocrx_word' id='word_1_209' title='bbox 1177 4485 1309 4569; x_wconf 89' lang='lat' dir='ltr'><strong>placitis</strong></span> 
     </span>
    </p>

    <p class='ocr_par' dir='ltr' id='par_1_13' title="bbox 261 4585 1312 4776">
     <span class='ocr_line' id='line_1_32' title="bbox 261 4585 1310 4676; baseline -0.002 -22"><span class='ocrx_word' id='word_1_210' title='bbox 261 4594 296 4654; x_wconf 84' lang='lat' dir='ltr'><strong>et</strong></span> <span class='ocrx_word' id='word_1_211' title='bbox 327 4589 424 4654; x_wconf 89' lang='lat' dir='ltr'><strong>rebus</strong></span> <span class='ocrx_word' id='word_1_212' title='bbox 461 4589 535 4654; x_wconf 89' lang='lat' dir='ltr'><strong>aliis</strong></span> <span class='ocrx_word' id='word_1_213' title='bbox 574 4610 675 4676; x_wconf 88' lang='lat' dir='ltr'><strong>penes</strong></span> <span class='ocrx_word' id='word_1_214' title='bbox 709 4609 865 4675; x_wconf 85' lang='lat' dir='ltr'><strong>personas</strong></span> <span class='ocrx_word' id='word_1_215' title='bbox 897 4585 1077 4664; x_wconf 73' lang='lat' dir='ltr'><strong>saculares,</strong></span> <span class='ocrx_word' id='word_1_216' title='bbox 1107 4593 1310 4652; x_wconf 89' lang='lat' dir='ltr'><strong>accrescente</strong></span> 
     </span>
     <span class='ocr_line' id='line_1_33' title="bbox 261 4688 1312 4776; baseline -0.003 -18"><span class='ocrx_word' id='word_1_217' title='bbox 261 4689 372 4758; x_wconf 83' lang='lat' dir='ltr'><strong>saeculi</strong></span> <span class='ocrx_word' id='word_1_218' title='bbox 395 4691 525 4756; x_wconf 87' lang='lat' dir='ltr'><strong>malicia</strong></span> <span class='ocrx_word' id='word_1_219' title='bbox 548 4696 582 4756; x_wconf 87' lang='lat' dir='ltr'><strong>et</strong></span> <span class='ocrx_word' id='word_1_220' title='bbox 604 4691 742 4757; x_wconf 88' lang='lat' dir='ltr'><strong>caritate</strong></span> <span class='ocrx_word' id='word_1_221' title='bbox 765 4695 951 4776; x_wconf 89' lang='lat' dir='ltr'><strong>tepescente</strong></span> <span class='ocrx_word' id='word_1_222' title='bbox 974 4688 1229 4765; x_wconf 85' lang='lat' dir='ltr'><strong>multiformiter,</strong></span> <span class='ocrx_word' id='word_1_223' title='bbox 1252 4712 1312 4775; x_wconf 90' lang='lat' dir='ltr'><strong>pro</strong></span> 
     </span>
    </p>
   </div>
   <div class='ocr_carea' id='block_1_8' title="bbox 261 4790 1311 4880">
    <p class='ocr_par' dir='ltr' id='par_1_14' title="bbox 261 4790 1311 4880">
     <span class='ocr_line' id='line_1_34' title="bbox 261 4790 1311 4880; baseline -0.005 -21"><span class='ocrx_word' id='word_1_224' title='bbox 261 4798 301 4859; x_wconf 91' lang='lat' dir='ltr'><strong>ut</strong></span> <span class='ocrx_word' id='word_1_225' title='bbox 337 4793 412 4860; x_wconf 88' lang='lat' dir='ltr'><strong>aliis</strong></span> <span class='ocrx_word' id='word_1_226' title='bbox 458 4793 589 4880; x_wconf 90' lang='lat' dir='ltr'><strong>scriptis</strong></span> <span class='ocrx_word' id='word_1_227' title='bbox 627 4793 784 4858; x_wconf 81' lang='lat' dir='ltr'><strong>duximus</strong></span> <span class='ocrx_word' id='word_1_228' title='bbox 830 4790 1048 4868; x_wconf 89' lang='lat' dir='ltr'><strong>inserendum,</strong></span> <span class='ocrx_word' id='word_1_229' title='bbox 1079 4791 1311 4877; x_wconf 83' lang='lat' dir='ltr'><strong>impendimus,</strong></span> 
     </span>
    </p>
   </div>
   <div class='ocr_carea' id='block_1_9' title="bbox 0 0 1776 5808">
    <p class='ocr_par' dir='ltr' id='par_1_15' title="bbox 0 0 1776 5808">
     <span class='ocr_line' id='line_1_35' title="bbox 0 0 1776 5808; baseline 0 0"><span class='ocrx_word' id='word_1_230' title='bbox 0 0 1776 5808; x_wconf 95' lang='lat' dir='ltr'><strong> </strong></span> 
     </span>
    </p>
   </div>
  </div>
 </body>
</html>
