3526 5810
571 889 769 939 inmersum
793 887 1115 938 umnnssunmusn.
1306 875 1369 938 285

316 1080 503 1168 appelletur
526 1081 736 1167 Betheweye,
760 1083 883 1149 directe
906 1105 1010 1169 usque
1033 1084 1076 1148 sd
1097 1085 1215 1150 silvam
1231 1085 1370 1150 Roherli
1467 1167 1469 1172 Ι

317 1184 459 1270 Keynel,
481 1185 571 1250 inter
592 1184 759 1252 brechiem
782 1183 942 1251 Willelmi
958 1187 1132 1253 Leofstone
1156 1193 1191 1253 et
1205 1187 1369 1254 Johennis

316 1287 347 1352 le
371 1287 483 1375 Kyng,
506 1288 543 1352 in
564 1293 659 1374 perte
682 1289 830 1366 euslreli,
853 1295 887 1356 et
909 1289 1029 1356 croftas
1053 1291 1134 1356 Evae
1151 1293 1191 1357 de
1214 1292 1247 1357 le
1263 1292 1368 1356 Merse

316 1389 352 1452 in
378 1395 473 1476 perte
495 1389 690 1476 aquilonari,
713 1397 747 1456 et
770 1391 858 1478 ipses
880 1397 984 1458 temus
1016 1391 1231 1459 claudentes
1253 1393 1289 1457 in
1313 1395 1368 1458 de·

315 1489 410 1557 senso
426 1496 563 1557 tenesne
577 1493 830 1578 imperpetuum.
878 1491 932 1560 Ile
947 1499 1060 1560 temen
1075 1495 1163 1580 quod
1178 1515 1247 1581 prae
1263 1495 1369 1560 defee-

316 1597 355 1658 tu
378 1593 553 1660 eleusturee
576 1593 612 1658 in
635 1595 802 1681 praedielis
825 1597 921 1662 terris
944 1597 1186 1675 festinaveris
1218 1619 1293 1663 mee
1314 1597 1368 1662 vel

315 1696 473 1761 heredum
495 1717 643 1762 meorum
666 1717 765 1783 super
786 1699 961 1784 predicens
995 1705 1100 1765 terras
1132 1700 1278 1778 invente,
1301 1719 1369 1764 non

315 1799 444 1884 possint
465 1800 643 1886 inperare,
665 1821 726 1866 neo
758 1800 886 1886 aliquas
908 1801 1063 1866 emendes
1085 1823 1200 1888 cepere
1221 1802 1276 1867 vel
1298 1801 1368 1866 exi·
1381 1800 1400 1852 f·
1414 1806 1462 1854 2⁷0
1475 1803 1498 1855 b·

315 1923 399 1988 gere.
446 1901 490 1966 Ee
513 1902 549 1966 in
571 1901 798 1967 testimonium
821 1902 922 1988 hujus
945 1904 1160 1969 concessionis
1194 1925 1284 1981 mese,
1308 1904 1369 1968 hoo

316 2005 475 2090 seriptum
513 2005 636 2070 eisdem
668 2004 783 2071 abboli
815 2010 850 2070 et
883 2007 1062 2071 conventui
1105 2007 1176 2086 feei,
1219 2011 1254 2072 et
1285 2005 1368 2072 illud

316 2105 424 2194 sigillo
446 2126 519 2173 meo
543 2107 682 2194 signavi.
730 2107 808 2172 Hiis
831 2109 982 2190 testibus,
1007 2117 1068 2175 ebe.

720 2411 799 2478 Ore.
824 2410 979 2478 OOOOV.

385 2565 507 2650 Quieta
529 2564 722 2632 elementia
744 2563 881 2632 Roberte'
905 2563 1042 2652 Koyuel
1065 2565 1104 2631 de
1132 2563 1279 2632 Yutloue.

361 2721 478 2789 Seiano
499 2725 678 2808 praesenbes
701 2727 737 2786 et
758 2721 865 2786 futuri
889 2722 977 2807 quod
1000 2743 1060 2808 ego
1083 2722 1248 2788 Roberlus
1278 2721 1523 2809 lisy-Quiulaim

315 2823 371 2891 nel
397 2823 438 2890 de
460 2821 607 2891 Ysttone
642 2823 754 2889 remisi
786 2828 821 2889 et
855 2824 1006 2909 quietum
1040 2823 1191 2903 clamavi,
1222 2845 1282 2911 pro
1316 2845 1368 2890 me
1381 2803 1532 2935 2232&

316 2934 351 2994 et
372 2927 548 2995 heredibus
570 2927 661 3005 meis,
684 2927 817 2992 domino
837 2925 1000 2992 Willelmo
1022 2925 1137 2992 abbati
1160 2927 1201 2992 de
1217 2927 1369 2994 Melmes·
1381 2937 1487 2988 Yauon.

315 3031 420 3109 buria,
443 3035 478 3096 et
509 3031 656 3118 ejusdem
690 3029 754 3096 looi
776 3030 956 3096 conventui
990 3030 1243 3116 imperpetuum,
1278 3031 1369 3096 illem

315 3133 462 3201 chasiam
485 3153 585 3219 quem
608 3133 729 3199 hebere
751 3133 909 3199 consuevi
931 3153 1007 3198 oum
1030 3132 1151 3198 averiis
1174 3133 1256 3198 meis
1283 3134 1371 3200 inter

315 3243 437 3302 terrem
469 3235 596 3300 domini
619 3233 783 3300 Johsnnis
806 3233 847 3300 de
880 3233 1012 3312 Esbone,
1044 3239 1079 3300 et
1110 3237 1231 3302 terrem
1266 3255 1370 3322 quon-

317 3339 394 3406 dum
431 3339 548 3406 Alioiee
587 3339 620 3404 le
656 3337 817 3403 Peumere
851 3337 892 3402 de
939 3336 1118 3424 Alynlone.
1183 3337 1237 3404 Itu
1282 3339 1370 3424 quod

316 3463 377 3509 nee
407 3463 467 3529 ego
501 3462 561 3509 nee
592 3440 714 3526 aliquis
747 3439 907 3505 heredum
929 3440 984 3506 vel
1006 3440 1248 3527 assignatorum
1283 3463 1370 3507 meo·

317 3541 400 3625 rumj
422 3544 556 3631 aliquod
582 3545 640 3630 jus
662 3541 717 3609 vel
751 3543 906 3610 olemium
938 3543 993 3608 vel
1027 3543 1162 3629 aliquod
1185 3545 1369 3610 dominium

317 3649 353 3714 in
399 3647 558 3735 proedicto
602 3645 723 3722 chunis,
760 3644 815 3710 vel
853 3645 889 3709 in
927 3644 996 3710 solo
1034 3646 1201 3731 praedietoe
1238 3648 1369 3726 ohnciss,

317 3752 428 3837 nliquo
477 3755 623 3835 tempore
672 3747 767 3813 nobis
800 3746 930 3834 exigere
963 3745 1018 3812 vel
1054 3747 1230 3815 vendioere
1268 3751 1370 3835 possi-

318 3875 398 3920 mus.
474 3851 627 3918 Conoessi
661 3851 762 3918 etism
800 3849 922 3915 eisdem
960 3851 1075 3916 abboli
1114 3855 1148 3916 et
1190 3853 1369 3918 conventui

306 3956 405 4043 ¹quod
427 3956 500 4042 ipsi,
523 3975 623 4042 quem
645 3953 705 4018 diu
727 3958 943 4019 horraeorum
966 3954 1177 4036 seextendil
1190 3955 1228 4020 in
1245 3955 1368 4022 fossato

317 4059 382 4136 illo,
405 4058 494 4144 quod
516 4079 551 4122 se
574 4055 727 4122 exuendis
758 4057 794 4120 in
825 4055 1034 4142 longiludine
1063 4057 1166 4142 juxte
1199 4063 1368 4144 pasturum

318 4161 440 4250 spineti
463 4161 528 4225 mei
563 4160 603 4224 de
636 4159 790 4237 Yettone,
824 4157 950 4225 feeinnl
982 4163 1017 4224 et
1048 4159 1179 4246 erigent
1210 4159 1367 4226 fossatum

317 4265 400 4330 illud
424 4264 466 4329 de
487 4262 666 4328 latitudine
687 4267 761 4328 ouo
784 4262 913 4348 pedum,
937 4260 1007 4326 sins
1040 4262 1153 4348 eliqus
1186 4265 1368 4330 eontrsdio-

317 4369 406 4434 tione
429 4388 488 4432 seu
509 4365 741 4432 reclamatione
764 4364 838 4440 mei,
861 4364 915 4430 vel
937 4365 1095 4430 heredum
1128 4387 1274 4433 meorum
1307 4367 1367 4432 im·

317 4474 520 4557 perpetuum.
568 4466 609 4531 In
625 4468 718 4554 eujus
733 4467 780 4532 rei
796 4467 1024 4533 testimonium
1041 4467 1103 4534 hoe
1122 4469 1283 4555 seriptum
1306 4469 1367 4534 eis-

318 4571 392 4636 dem
424 4569 540 4635 ebbeli
571 4572 606 4633 et
651 4568 829 4634 conventui
861 4568 930 4645 feei,
964 4573 998 4633 el
1029 4568 1114 4634 illud
1145 4569 1254 4656 sigillo
1294 4590 1368 4636 meo

316 4673 453 4765 signavi.
500 4671 577 4736 Hiis
601 4670 751 4748 testibus,
774 4674 833 4736 eho.
