3566 5820
543 909 740 960 rmrsmuu
764 906 1083 956 uirtursnurmrsr.
1273 887 1334 952 191

662 1137 740 1203 Cer.
765 1133 963 1203 OOCXXII.

364 1290 412 1354 De
433 1287 629 1354 venditione
651 1289 809 1354 omolodicc
833 1288 980 1354 Ricardc'
994 1288 1071 1374 filii
1093 1294 1122 1353 el
1144 1287 1273 1354 teredio

654 1392 799 1458 Hcmrici
823 1393 852 1457 lc
874 1391 980 1456 Bretlr.

334 1545 416 1610 Haec
450 1551 501 1610 est
533 1545 708 1610 conventio
740 1546 828 1610 facte
861 1546 948 1609 inter
980 1545 1149 1608 dominum
1188 1542 1340 1608 abbatem

293 1648 534 1713 Melmesburice
566 1647 758 1726 walterum,
782 1654 815 1713 et
849 1648 1026 1712 Ricardum
1063 1647 1102 1710 de
1136 1646 1341 1730 Lokyntone,

292 1749 441 1826 militem,
472 1751 514 1814 ed
539 1750 730 1835 Hockeday,
754 1773 841 1815 enno
865 1751 981 1835 quinto
1003 1755 1078 1836 post
1100 1748 1343 1814 coronationem

295 1853 418 1916 domini
466 1853 551 1937 regis
587 1853 731 1928 Henrici,
765 1852 825 1916 filii
869 1853 954 1936 regis
985 1851 1156 1928 Johannis,
1191 1851 1345 1916 videlicet

296 1957 382 2040 quod
414 1955 591 2041 predictus
625 1955 733 2030 abbas,
758 1977 799 2018 ex
831 1975 988 2018 consensu
1013 1960 1048 2018 et
1070 1954 1242 2018 voluntate
1269 1974 1345 2016 con-

295 2063 414 2121 ventus
438 2057 498 2134 sui,
521 2057 680 2122 concessit
703 2063 736 2121 et
760 2056 898 2122 tradidit
920 2057 982 2142 ipsi
1008 2057 1155 2133 RicardO,
1179 2055 1287 2131 militi,
1311 2056 1347 2119 in

295 2160 393 2245 plena
430 2158 520 2222 curia
558 2179 624 2232 sua,
664 2157 845 2221 custodiam
885 2157 1017 2223 Ricardi
1054 2157 1115 2222 filii
1153 2164 1187 2222 et
1217 2157 1347 2222 heredis

298 2260 433 2324 Henriei
465 2259 495 2323 le
530 2259 618 2335 Bret,
654 2259 790 2326 Henrici
823 2260 946 2328 scilicet
974 2261 1125 2344 junioris,
1157 2262 1238 2327 dicti
1270 2282 1347 2324 vero

298 2363 429 2428 Ricerdi
462 2361 590 2426 heredis
622 2366 701 2428 tunc
739 2364 914 2448 septennis,
949 2386 1051 2449 usque
1094 2364 1137 2428 ad
1170 2364 1347 2428 terminum

299 2465 546 2554 quatuordecim
585 2486 744 2529 annorum
783 2466 938 2530 continue
970 2467 1178 2550 sequentium
1209 2467 1348 2552 comple·

299 2577 417 2644 torum,
440 2568 536 2631 simul
573 2590 646 2631 cum
680 2573 750 2632 toto
785 2575 972 2650 tenemento
1006 2569 1141 2634 militari
1165 2569 1268 2654 ipsius
1291 2569 1348 2632 Ri-

301 2671 390 2736 cardi
428 2670 557 2734 heredis
595 2670 744 2756 prredicti
779 2669 924 2747 Henrici‚
958 2693 1031 2735 cum
1064 2671 1282 2756 pertinentiis,
1315 2670 1351 2734 in

300 2772 380 2836 villa
413 2771 452 2835 de
477 2771 509 2834 N
512 2777 691 2846 mentone,
713 2771 800 2855 quod
825 2776 875 2834 est
898 2773 937 2836 de
960 2772 1057 2836 feodo
1079 2773 1228 2859 praedicti
1251 2772 1351 2836 abbe·

301 2875 364 2952 tis;
387 2874 475 2958 quod
509 2872 640 2957 quidem
664 2879 889 2937 tenementum
924 2879 975 2938 est
997 2877 1097 2940 tertia
1126 2897 1202 2961 pars
1225 2879 1352 2959 quarte

302 2980 405 3066 pertis
440 2980 538 3043 unius
570 2977 693 3042 militis.
740 2977 908 3044 Concessit
939 2981 1039 3046 etiem
1071 2981 1172 3046 abbas
1195 2980 1352 3067 praedicto

301 3083 442 3149 Ricardo
483 3082 523 3145 de
558 3081 753 3156 Lokintone,
787 3083 997 3167 maritagium
1037 3083 1183 3167 ejusdem
1221 3082 1353 3148 Ricardi

302 3184 478 3250 dummodo
511 3203 576 3246 non
609 3182 843 3266 disperegetur.
890 3182 960 3247 Ista
990 3184 1147 3268 praedicta
1170 3184 1298 3248 tenebit
1320 3189 1354 3248 et

301 3287 437 3353 habebit
471 3287 579 3350 dictus
618 3284 777 3350 Ricardus
816 3287 855 3350 de
895 3286 1089 3364 Lokintone,
1114 3287 1168 3352 vel
1199 3288 1252 3351 cui
1284 3288 1353 3373 ipsc

302 3391 468 3474 assignare
491 3387 642 3463 voluerit,
665 3409 768 3472 usque
801 3389 843 3452 ad
878 3388 1006 3473 plenem
1039 3395 1170 3454 aetetem
1206 3391 1354 3475 praedicti

303 3492 436 3576 Ricardi
452 3490 582 3554 heredis
601 3490 734 3554 Henrici
750 3490 780 3554 le
797 3490 884 3554 Bret.
931 3491 966 3554 Si
990 3513 1067 3556 vero
1091 3491 1177 3557 infre,
1199 3499 1355 3578 quatuor-

304 3596 408 3662 decim
430 3615 532 3658 annos
555 3593 761 3679 pnescriptos
784 3593 853 3679 ipse
875 3594 1034 3659 Ricardus
1056 3594 1150 3659 heres
1173 3595 1354 3673 decesserit,

304 3697 413 3762 dictus
448 3695 485 3759 R.
523 3695 563 3759 de
595 3695 781 3760 Lokintone
819 3695 956 3760 habebit
993 3697 1174 3762 custodiam
1212 3699 1354 3783 proximi

306 3799 442 3874 heredis,
481 3797 678 3882 quicumque
712 3819 754 3860 ex
788 3796 946 3860 fratribus
980 3797 1033 3862 vel
1067 3799 1229 3863 sororibus
1263 3800 1356 3864 heres

306 3925 373 3966 esse
406 3901 525 3966 debeat
556 3904 630 3984 post
653 3921 738 3975 eum,
761 3920 864 3984 usque
887 3899 930 3963 ed
952 3899 1051 3963 finem
1083 3903 1264 3988 praescripti
1292 3907 1355 3967 ter-

307 4004 388 4067 mini
423 4001 670 4087 quntuordecim
708 4022 878 4078 annorum,
917 4001 1023 4066 selvo·
1046 4002 1134 4067 dicto
1172 4003 1286 4069 abbati
1324 4013 1357 4069 et

307 4103 543 4171 successoribus
566 4104 634 4167 suis
657 4103 778 4167 relevio
807 4101 970 4168 heredum'
988 4104 1127 4168 aliorum
1151 4107 1359 4192 sequentium

307 4215 382 4295 post
414 4207 600 4282 Ricardum,
624 4211 657 4269 et
691 4205 840 4270 custodia
872 4206 1030 4283 similiter,
1054 4208 1086 4270 si·
1116 4215 1194 4273 onte
1226 4216 1357 4276 aetotem

307 4309 501 4396 completam
533 4309 574 4372 de
608 4309 679 4393 ipso
712 4307 852 4372 Rimrdo
886 4309 1005 4373 herede
1036 4309 1228 4376 humanitus
1254 4314 1358 4377 conti-

307 4412 398 4497 gerit.
447 4409 546 4475 Sulvo
578 4409 678 4474 etiam
713 4409 849 4473 servicio
884 4411 1068 4494 pertinente
1091 4412 1133 4475 ad
1164 4413 1357 4498 praedictum

308 4517 541 4578 tenementum.
598 4509 682 4576 (lum
713 4516 825 4574 autem
859 4512 1036 4596 praedictus
1074 4514 1233 4579 Ricardus
1265 4515 1359 4582 heres

311 4581 387 4680 talis
430 4613 531 4677 fuerit
576 4613 664 4698 quod
702 4614 879 4679 secundum
919 4616 1189 4681 consuetudinem
1227 4618 1358 4706 Angliae

309 4723 431 4781 terrem
462 4720 574 4780 tenere
606 4714 732 4791 debeat,
756 4717 892 4802 recipiet
914 4717 1105 4802 praedictam
1128 4724 1249 4784 terrem
1273 4721 1358 4786 solu-

310 4823 380 4884 tcm
404 4821 438 4881 et
460 4815 606 4901 quietern
639 4817 678 4881 de
702 4815 823 4882 relevio
845 4817 887 4882 ed
911 4817 1064 4884 abbatem
1087 4820 1141 4885 vel
1163 4843 1359 4888 successores

1356 1553 1414 1604 Sale
1426 1552 1457 1602 ol

1356 1618 1484 1682 wardship

1355 1689 1389 1750 by
1401 1687 1443 1736 the

1356 1755 1446 1816 abbey.
1503 1797 1509 1806 .

1370 4017 1387 4066 f.
1399 4021 1448 4068 288
1456 4016 1479 4066 b.
