3578 5808
546 908 744 964 samareon
767 912 1090 962 umussaunmusn.
1302 899 1344 964 89

293 1097 375 1163 mihi
407 1103 442 1164 et
473 1097 651 1165 heredibus
684 1101 766 1166 meis
800 1100 945 1187 quinqua
978 1099 1121 1165 denariis
1153 1099 1195 1164 ad
1223 1099 1345 1166 festum

294 1200 409 1270 Saneti
424 1202 595 1270 Michaelis
611 1203 785 1270 solvendis.
833 1203 943 1270 Salvis
966 1203 1067 1268 etiam
1090 1202 1174 1267 mihi
1197 1203 1345 1288 scutagio

294 1309 328 1369 et
365 1304 499 1392 hidagio
538 1327 612 1372 oum
658 1306 856 1393 generaliter
894 1310 1031 1372 annunt
1076 1310 1111 1370 et
1156 1303 1346 1371 rationabili

294 1406 420 1471 auxilio
442 1407 486 1472 ad
508 1408 766 1494 primogenitum
789 1407 896 1472 filium
918 1429 1029 1474 meum
1052 1407 1193 1473 militem
1226 1406 1347 1472 fasian-

295 1508 383 1587 dum,
416 1515 451 1576 et
480 1509 525 1575 ad
556 1511 811 1598 primogenitam
843 1510 945 1575 filiam
978 1530 1085 1575 meam
1117 1509 1348 1586 maritandam,

295 1616 458 1696 quantum
481 1613 627 1699 pertinet
648 1614 691 1679 ad
715 1612 889 1700 praedictae
912 1617 1016 1678 terras
1038 1616 1074 1677 et
1095 1617 1285 1679 tenemento
1307 1611 1348 1678 de

295 1714 409 1780 eodem
431 1715 534 1781 feodo.

341 1817 386 1880 Et
407 1839 468 1904 ego
491 1816 661 1884 Galfridus
688 1825 722 1886 et
755 1817 891 1884 heredes
923 1817 989 1884 mei
1024 1839 1137 1884 omnes
1172 1817 1348 1904 praedietea

296 1925 399 1986 terras
421 1926 457 1986 et
480 1920 641 2006 praedieta
662 1926 861 1999 tenemento,
885 1941 961 1988 oum
977 1921 1130 1987 omnibus
1145 1921 1243 1987 rebus
1265 1943 1349 2008 pras-

297 2022 484 2100 nominatis,
507 2027 542 2089 et
565 2023 718 2089 omnibus
741 2023 815 2090 aliis
847 2024 1057 2110 pertinentiis
1080 2023 1349 2111 suis‚·preediotis

297 2125 411 2191 abbati
444 2132 479 2190 et
512 2126 692 2192 conventui
735 2132 770 2192 et
807 2147 921 2192 eorum
959 2127 1198 2194 suecessoribus
1235 2132 1350 2194 eontra

297 2249 409 2293 omnes
439 2228 595 2295 mortales
629 2229 872 2318 imperpetuum
913 2230 1210 2308 warantizabimus,
1243 2235 1278 2296 at
1309 2230 1349 2296 de

298 2331 495 2398 omnimodis
517 2333 622 2412 saetis,
638 2331 808 2420 homagiis,
824 2331 1080 2412 feodalitatibus,
1104 2333 1350 2401 consuetudini-

299 2433 369 2511 bus,
392 2434 547 2512 serviciis,
564 2434 800 2512 exactionibus,
824 2439 859 2500 et
881 2435 1061 2516 domandis,
1083 2441 1152 2502 turn
1176 2436 1349 2523 regalibus,

299 2556 397 2620 quam
420 2535 503 2614 aliis,
528 2536 789 2623 acquietabimus
813 2541 847 2602 et
869 2537 1090 2604 defendemus.

345 2637 443 2704 litut
458 2638 529 2704 haee
553 2640 717 2706 concessio
739 2645 774 2704 et
796 2639 1002 2706 confirmatio
1025 2641 1125 2724 robur
1146 2641 1350 2728 perpetuita-

298 2741 343 2806 tis
365 2741 401 2805 in
423 2762 458 2808 se
480 2741 639 2828 optineat,
663 2741 725 2808 hoe
747 2741 908 2828 seriptum
933 2743 1057 2808 eisdem
1078 2742 1193 2810 abbati
1217 2748 1252 2809 et
1273 2765 1350 2810 oon-

299 2845 413 2911 ventui
429 2843 502 2924 feei,
523 2850 558 2911 et
580 2845 664 2910 illud
687 2845 795 2934 sigillo
817 2869 891 2914 meo
914 2847 1054 2934 signavi.
1101 2849 1177 2914 Hiis
1199 2850 1349 2927 testibus,

299 2953 361 3015 eto.
405 2948 532 3015 Datum
565 2949 655 3034 apud
690 2948 967 3028 Malmesburiam,
1001 2951 1054 3016 die
1086 2951 1176 3017 beati
1208 2951 1351 3018 Andreae

297 3050 447 3138 apostoli,
470 3071 558 3116 anno
581 3050 718 3116 Domini
741 3067 818 3116 Moe.
843 3052 1085 3138 septuagesimo
1108 3058 1246 3139 quarto3
1279 3075 1350 3140 reg·

298 3161 399 3220 nante
421 3152 644 3220 illustrissimo
673 3175 749 3242 rege
784 3153 977 3234 Eadward0‚
1001 3175 1088 3222 anno
1122 3157 1216 3244 regni
1247 3156 1351 3243 ipsius

298 3257 449 3324 seeundo.

679 3517 773 3586 OAP.
798 3517 962 3586 CCXXX.

302 3701 406 3767 Coelo
440 3695 615 3767 Jobuaaa'e
650 3695 680 3764 le
705 3697 829 3867 Mffe
843 3699 883 3765 de
913 3706 1004 3766 terro
1043 3695 1084 3766 ola
1121 3695 1297 3770 Philomede
1321 3708 1352 3770 at

769 3823 807 3867 ro
830 3808 915 3868 aton.

347 3965 462 4034 Sciant
493 3969 672 4051 praesentes
705 3968 740 4030 et
768 3963 877 4031 futuri
916 3966 1004 4050 quod
1030 3987 1090 4054 ego
1121 3967 1290 4036 Jehannes
1321 3970 1352 4036 le
1366 3987 1489 4038 Grantof

303 4067 400 4154 Lung
415 4068 455 4133 de
476 4068 633 4149 biowode,
660 4067 746 4145 dedi,
770 4068 921 4147 oonoasai,
945 4074 980 4134 et
999 4067 1062 4136 hae
1084 4072 1239 4157 praesenti
1262 4054 1486 4188 mill?

300 4191 375 4236 mea
398 4169 600 4250 oonfirmavi,
633 4169 706 4256 Deo
739 4174 774 4235 et
810 4169 953 4237 eeclesiae
983 4171 1073 4238 beati
1108 4173 1276 4240 Aldhelmi
1312 4175 1353 4242 de

302 4267 547 4348 Malmeaburia,
573 4275 608 4335 et
629 4269 796 4336 Willalmo
821 4269 935 4336 abbati
960 4276 994 4338 et
1023 4273 1192 4342 monachis
1230 4278 1353 4344 ibidem

301 4373 374 4439 Deo
396 4364 625 4451 servientibus,
648 4377 754 4439 totam
777 4378 900 4438 terram
930 4379 1096 4442 attatum
1119 4384 1353 4459 tenementum,

300 4497 378 4542 oum
400 4475 554 4542 omnibus
577 4475 788 4562 pertinentiis
811 4477 889 4553 suis,
912 4477 1001 4561 quod
1023 4479 1126 4544 habui
1149 4481 1185 4546 in
1207 4483 1353 4566 piowoda

299 4578 337 4644 in
360 4577 514 4665 parochia
536 4578 577 4644 de
601 4576 748 4657 (lolerne,
772 4582 807 4644 et
829 4579 865 4644 in
889 4578 1082 4662 Brohotma,
1098 4605 1198 4670 quam
1220 4587 1354 4674 quidem

299 4687 423 4748 terram
445 4681 487 4748 de
509 4680 696 4748 Brohotone
720 4703 795 4748 oum
816 4680 1005 4749 molendino
1019 4684 1121 4752 Alina
1143 4709 1228 4754 uxor
1251 4711 1355 4776 quon·

300 4785 381 4850 dam
406 4783 577 4870 Radulphi
612 4784 653 4849 de
680 4783 827 4867 piowode
852 4789 946 4850 tenet
976 4785 1012 4850 in
1036 4787 1155 4867 dotem,
1192 4797 1226 4858 et
1255 4814 1355 4878 quam
