3578 5808
390 863 432 927 92
642 871 840 926 nnorsrnrnr
864 870 1187 925 uacussnuarnsss.

389 1073 407 1100 “
429 1065 573 1132 nondam
595 1069 702 1130 totam
717 1064 909 1150 praedictam
925 1069 1056 1145 terram,
1072 1068 1107 1128 et
1121 1067 1230 1128 totum
1245 1063 1440 1150 praedictum

390 1177 406 1202 “
429 1173 664 1245 tenementum,
677 1168 717 1233 de
732 1167 878 1250 picwode
894 1172 929 1232 et
944 1167 984 1232 de
1001 1165 1194 1244 Brohctone,
1210 1187 1284 1232 cum
1300 1165 1441 1242 dotibus,

389 1279 406 1306 “
430 1271 590 1348 domibus,
624 1269 780 1346 aedificiis,
816 1268 1009 1346 redditibus,
1046 1268 1203 1355 gordinis,
1238 1267 1442 1355 curtillagiis,

389 1382 406 1408 ‘¹
430 1373 550 1451 croftis,
583 1371 695 1458 protis,
729 1371 892 1458 pasohuis,
923 1371 1076 1458 pasturis,
1099 1371 1214 1450 boscis,
1237 1370 1443 1448 molendinis,

389 1483 406 1509 ‘⁴
430 1474 564 1561 stagnis,
587 1473 734 1553 vitrariis,
757 1473 948 1538 tenentibus
969 1473 1080 1538 liberis
1096 1477 1131 1538 et
1145 1473 1257 1554 servis,
1274 1477 1309 1539 et
1331 1494 1442 1540 eorum

391 1587 406 1614 “
430 1577 577 1644 serviciis
602 1582 637 1642 et
659 1576 959 1654 consuetudinibus,
983 1582 1017 1642 et
1041 1597 1117 1643 curn
1132 1576 1285 1642 omnibus
1303 1576 1378 1642 aliis
1393 1598 1443 1641 re·

391 1689 408 1716 ‘¹
430 1682 500 1758 bus,
524 1679 742 1756 libertatibus,
765 1684 800 1744 et
829 1678 942 1744 liberis
968 1679 1270 1757 consuetudinibus,
1295 1679 1338 1744 ad
1360 1700 1444 1765 prae·

391 1793 406 1818 “
431 1784 536 1850 dictas
551 1789 655 1848 terras
679 1788 712 1847 et
736 1787 924 1848 tenemento
946 1782 988 1847 de
1011 1782 1170 1867 pycwode
1193 1787 1228 1847 et
1254 1783 1295 1847 de
1322 1781 1443 1848 Brohc-

391 1895 409 1921 “
432 1892 509 1952 tone
531 1881 643 1974 aliquo
674 1885 771 1950 modo
797 1884 1049 1969 pertinentibus,
1074 1884 1241 1970 praedictis
1272 1884 1387 1951 abbati
1410 1889 1445 1950 et

391 1996 410 2023 “
432 1988 611 2054 conventui
635 1991 669 2051 et
700 2007 813 2052 eorum
845 1985 1092 2065 successoribus,
1127 1985 1228 2051 libere
1259 1991 1294 2051 et
1323 1986 1443 2072 quiete,

392 2100 409 2126 “
432 2092 559 2177 integre
597 2095 632 2155 et
658 2089 799 2175 pacifice,
831 2091 902 2155 sine
926 2088 995 2155 ullo
1025 2093 1258 2165 retenemento‚
1283 2089 1443 2178 imperpe-

393 2201 409 2228 “
433 2199 547 2272 tuum;
582 2192 731 2258 faciendo
754 2192 888 2278 capitali
911 2191 1045 2257 domino
1075 2189 1163 2256 feodi
1190 2189 1365 2255 carmelum
1388 2190 1443 2255 de-

394 2296 541 2361 “bitum
576 2301 611 2360 et
645 2299 847 2371 consuetum,
874 2315 934 2379 pro
960 2292 1128 2380 praedictis
1158 2293 1255 2359 terris
1282 2299 1317 2359 ct
1353 2298 1443 2359 tene·

393 2407 410 2432 “
433 2396 572 2473 mentis3
604 2395 767 2473 videlicet,
791 2417 850 2482 pro
873 2399 1062 2460 tenemento
1093 2395 1134 2460 de
1165 2395 1312 2479 bicwode
1343 2415 1444 2462 unam

393 2510 410 2536 “
433 2501 552 2565 libram
586 2500 718 2586 piperis,
742 2503 776 2564 et
808 2519 909 2564 unam
931 2498 1051 2563 libram
1077 2497 1211 2583 cymini,
1245 2498 1289 2573 od
1323 2498 1445 2564 festum

393 2602 550 2668 “Sancti
584 2600 763 2677 Michaelis,
796 2607 831 2665 et
870 2621 928 2686 pro
958 2605 1148 2666 tenemento
1187 2600 1227 2665 de
1261 2598 1447 2666 Brohctona

395 2703 606 2770 “duodecim
639 2704 789 2769 denarios
819 2703 862 2768 ad
901 2703 1040 2768 eundem
1075 2703 1263 2768 terminum.
1311 2702 1355 2767 Et
1386 2723 1446 2788 ego

395 2817 412 2842 “
435 2806 605 2871 Johannes
639 2811 673 2870 et
703 2805 840 2872 heredes
872 2806 937 2870 moi
964 2810 1052 2870 totas
1079 2804 1253 2891 praedictas
1282 2809 1387 2870 terras
1413 2810 1447 2869 at

394 2919 413 2946 ‘¹
436 2913 625 2975 tenemento
646 2907 687 2973 de
709 2907 855 2990 picwode
879 2913 913 2972 et
936 2907 977 2972 de
1000 2907 1194 2984 Brohctone,
1215 2929 1290 2974 cum
1305 2905 1446 2983 dotibus,

396 3022 412 3048 “
436 3012 596 3090 domibus,
628 3009 785 3088 aedificiis,
823 3009 1016 3088 redditibus,
1049 3009 1205 3096 gordinis,
1243 3008 1447 3095 cartillagiis,

395 3123 413 3151 ⁴‘
435 3114 556 3190 croftis
583 3113 695 3198 pratis,
720 3111 882 3198 poschuis,
918 3111 1071 3197 pasturis,
1100 3110 1215 3189 boscis,
1241 3110 1446 3189 molendinis,

397 3227 412 3253 ‘⁴
436 3217 571 3304 stagnis,
587 3213 733 3292 vivariis,
754 3213 946 3280 tenentibus
962 3213 1073 3278 liberis
1096 3220 1131 3280 et
1153 3214 1264 3292 servis,
1281 3219 1315 3278 et
1335 3234 1447 3279 eorum

396 3330 413 3355 “
436 3319 582 3384 serviciis
592 3323 627 3384 et
636 3317 937 3395 consuetudinibus,
950 3321 984 3382 at
998 3338 1074 3384 curn
1086 3316 1238 3383 omnibus
1253 3316 1327 3382 aliis
1342 3315 1446 3396 rebus,

399 3431 414 3458 “
439 3420 650 3487 libertatibus
673 3426 708 3485 et
734 3419 846 3485 liberis
877 3420 1178 3500 consuetudinibus,
1203 3419 1246 3484 ad
1272 3419 1447 3507 praedictas

397 3532 413 3558 “
437 3529 541 3588 terras
578 3527 612 3587 ct
643 3527 833 3589 tenemento
866 3523 906 3587 de
932 3523 1091 3608 pycwode
1125 3527 1159 3588 et
1186 3522 1227 3587 de
1262 3521 1447 3588 Brohctone

397 3635 414 3663 ‘⁶
437 3624 690 3712 pertinentibus,
707 3630 830 3692 etcum
848 3625 999 3691 omnibus
1019 3625 1093 3692 aliis
1113 3625 1210 3694 rebus
1231 3631 1266 3692 et
1280 3625 1448 3703 eschaetis,

397 3737 415 3764 “
437 3749 511 3814 quae
534 3727 627 3806 mihi,
648 3727 701 3793 vel
720 3726 896 3793 heredibus
918 3729 1009 3807 meis,
1031 3729 1198 3794 occasione
1216 3728 1448 3820 praedictorum

397 3841 413 3868 “
438 3838 600 3897 terrarum
636 3835 671 3896 et
703 3836 967 3897 tenementorum
993 3831 1105 3918 aliquo
1138 3831 1236 3898 modo
1270 3836 1304 3897 et
1338 3831 1449 3918 aliquo

338 4015 341 4021 Ι
398 3944 415 3972 “
438 3941 584 4020 tempora
616 3940 750 4021 possent
783 3935 914 4000 evenire
939 3940 974 4000 et
999 3935 1169 4016 accedere3
1199 3935 1365 4022 prodictio
1391 3933 1448 4000 ab·

398 4037 509 4102 “bati
546 4043 581 4102 et
615 4037 792 4116 monachis,
835 4042 869 4103 et
905 4059 1017 4103 eorum
1052 4038 1299 4116 successoribus,
1336 4042 1449 4104 contra

398 4149 415 4176 “
439 4161 551 4204 omnes
583 4139 738 4204 mortales
780 4139 1024 4226 imperpetuum
1062 4140 1361 4206 warantizabimus.
1406 4139 1450 4205 Et

398 4251 414 4277 ‘¹
438 4248 478 4307 ut
498 4242 570 4307 haec
596 4262 669 4306 mea
694 4241 828 4308 donatio
849 4248 884 4307 at
902 4243 1065 4309 concessio
1096 4243 1196 4309 robur
1218 4241 1449 4330 perpetuitatis

399 4353 416 4381 ‘⁸
439 4345 621 4431 optineant,
653 4343 740 4410 hanc
762 4349 886 4410 cartam
917 4345 1040 4410 eisdem
1074 4345 1187 4412 abbati
1218 4351 1253 4410 et
1282 4344 1450 4411 monachis

398 4456 416 4483 ‘¹
438 4447 510 4526 feci,
538 4453 572 4513 et
597 4447 705 4534 sigillo
730 4470 803 4514 meo
828 4448 984 4536 signavi.''
1525 4448 1528 4454 ’

446 4550 517 4638 Ego
540 4571 618 4616 vero
643 4549 809 4616 Walterus
833 4552 874 4617 de
904 4551 1104 4618 Dunstavile
1134 4551 1326 4639 praedictam
1350 4551 1451 4617 dona-

400 4653 524 4720 tionem
548 4657 583 4719 ct
605 4654 848 4720 concessionem
870 4654 1021 4740 praedicti
1036 4652 1211 4732 Johannis,
1226 4655 1267 4719 de
1281 4654 1450 4740 praedictis

399 4757 496 4824 torris
512 4761 547 4823 et
562 4757 761 4823 tenementis
777 4756 818 4822 de
839 4757 997 4842 pycwode
1019 4761 1055 4822 et
1077 4757 1117 4822 de
1133 4755 1328 4834 Brohctone,
1343 4761 1450 4823 ratam
