3524 5808
459 880 524 950 374
871 896 1050 946 arrmrurx
1074 897 1095 944 1.

458 1107 519 1172 pro
542 1093 688 1172 tempore
723 1058 833 1163 fuerit,
856 1109 931 1154 cum
954 1089 1108 1154 omnibus
1140 1088 1349 1174 pertinentiis
1380 1087 1505 1151 suiset

461 1188 620 1254 eschaetis
644 1211 719 1274 quae
745 1190 905 1276 predicto
927 1191 1057 1256 custodi
1081 1191 1191 1276 aliquo
1214 1196 1361 1275 tempore
1386 1190 1513 1274 possint

460 1291 605 1356 accidere
639 1291 768 1376 ratione
801 1293 1034 1378 praedictarum
1069 1299 1238 1358 terrarum.
1285 1291 1511 1357 Concessimus

463 1394 564 1458 etiam
588 1393 694 1458 eidem
718 1396 847 1460 custodi
870 1396 911 1460 de
934 1397 1031 1462 domo
1064 1417 1163 1482 quam
1186 1393 1354 1459 Walterus
1384 1393 1510 1476 Turfyu

461 1495 572 1561 levare
607 1497 688 1561 fecit
717 1519 759 1562 ex
797 1499 947 1584 opposito
985 1498 1220 1564 elemosinariae
1258 1500 1389 1574 nostrae,
1429 1496 1509 1560 duos

460 1598 581 1664 solidos
612 1599 654 1664 ad
700 1605 842 1685 quatuor
873 1601 952 1666 anni
986 1602 1168 1680 terminos3
1208 1605 1242 1664 et
1279 1599 1382 1664 etiam
1429 1598 1509 1662 dues

460 1701 563 1766 libras
587 1723 669 1766 cerae
692 1703 868 1767 annuatim
891 1703 932 1767 de
959 1709 1083 1769 rectore
1099 1702 1242 1770 ecclesiae
1264 1701 1305 1766 de
1322 1700 1508 1766 Somerlord

459 1803 686 1889 percipiendas
710 1826 770 1890 pro
793 1804 929 1869 decimis
952 1805 993 1869 de
1017 1805 1205 1871 Somerford
1228 1803 1376 1869 Maudm
1425 1801 1508 1866 Gou-

457 1907 612 1972 cessimus
636 1907 737 1971 etiam
753 1912 788 1971 et
809 1908 1050 1992 assignavimus
1066 1909 1173 1972 eidem
1196 1907 1324 1973 custodi
1347 1905 1508 1970 sexdecim

458 2009 607 2074 denarios
631 2008 671 2072 de
695 2008 822 2096 Rogero
846 2009 960 2094 Tryok
983 2011 1158 2075 annuatim
1180 2010 1223 2074 ad
1257 2013 1401 2095 quatuor
1430 2008 1508 2073 anni

456 2111 614 2175 terminos
637 2110 875 2196 percipiendos,
899 2111 938 2176 de
970 2117 1160 2177 tenemento
1194 2111 1252 2177 illo
1287 2111 1377 2198 quod
1407 2112 1506 2175 situm

456 2217 571 2277 estex
603 2213 755 2299 opposito
789 2215 972 2278 tenementi
1006 2215 1172 2299 quondam
1196 2215 1360 2279 lobannis
1395 2213 1505 2299 Tryok

451 2313 552 2399 juxta
585 2318 813 2379 tenementum
837 2314 1012 2380 Hereberti
1036 2315 1190 2380 Badecok
1223 2316 1340 2381 subtus
1371 2335 1504 2400 parvam

454 2423 602 2503 portam;
634 2421 667 2481 et
701 2416 741 2481 de
773 2417 870 2483 domo
894 2417 1059 2502 quondam
1083 2417 1217 2483 Thomae
1243 2417 1274 2482 le
1304 2415 1505 2502 Oharpenter

454 2520 491 2582 in
524 2518 560 2583 lo
582 2517 675 2584 More
709 2541 823 2584 versus
858 2519 1048 2585 Boruhtone
1078 2520 1253 2585 annuatim
1282 2524 1350 2584 tres
1387 2517 1503 2583 solidos

453 2626 594 2698 tantum,
626 2620 726 2686 salvis
764 2622 879 2686 abbati
916 2622 1077 2688 eschaetis
1108 2622 1185 2687 inde
1225 2620 1502 2708 provenientibus.

453 2723 516 2788 Pro
551 2725 615 2788 isto
650 2746 727 2788 vero
761 2746 872 2789 annuo
904 2725 1038 2790 redditu
1076 2725 1235 2810 praedicto
1271 2728 1306 2788 et
1340 2723 1501 2810 praedictis

452 2826 582 2892 duabus
619 2826 712 2890 libris
747 2849 838 2905 ceree,
863 2828 1041 2892 sustinebit
1064 2832 1173 2892 custos
1208 2826 1357 2913 praedicti
1392 2826 1500 2890 altaris

452 2929 591 3016 singulis
629 2929 725 2994 annis
764 2929 799 2992 in
837 2928 963 3014 capella
1001 2929 1114 2994 Beatae
1157 2929 1271 2994 Mariae
1303 2930 1339 2992 in
1371 2927 1500 2994 ecclesia

452 3033 651 3118 supradicta,
675 3033 798 3118 viginti
831 3038 866 3097 et
889 3038 1032 3118 quatuor
1067 3054 1175 3098 cereos
1211 3031 1362 3117 quolibet
1384 3032 1435 3096 die
1457 3031 1499 3096 ad

451 3136 584 3200 missam
608 3135 721 3200 Beatae
746 3135 861 3217 Mariae
885 3136 1055 3212 emendos,
1072 3158 1131 3221 pro
1146 3136 1321 3200 animabus
1344 3134 1497 3200 abbatum

451 3239 509 3322 qui
533 3259 640 3303 coram
675 3237 763 3302 dicto
797 3237 895 3302 altari
929 3239 1149 3323 requiescunt,
1184 3242 1218 3301 et
1240 3258 1300 3322 pro
1330 3236 1498 3302 animabus

452 3339 591 3406 Walteri
627 3337 738 3404 Galun
771 3345 806 3403 et
840 3339 978 3405 Helenae
1002 3341 1114 3404 uxoris
1153 3340 1242 3426 ejus;
1273 3339 1331 3424 qui
1369 3339 1497 3424 quidem

358 3500 364 3514 ,
452 3442 536 3508 cerei
552 3446 670 3527 quater
685 3463 743 3528 per
758 3463 883 3506 anuum
899 3441 1150 3507 renovabuntur
1163 3466 1170 3519 ;
1192 3442 1242 3505 ita
1257 3441 1346 3526 quod
1363 3441 1508 3540 quilibet·

450 3563 562 3612 cereus
585 3545 629 3608 sit
653 3544 692 3608 de
716 3543 859 3629 pondere
890 3546 990 3609 unius
1013 3543 1108 3609 librae
1132 3548 1166 3608 et
1189 3543 1344 3608 dimidiae.
1391 3542 1433 3606 Et
1461 3545 1496 3606 in

451 3645 686 3713 anniversariis
719 3646 879 3711 abbatum
902 3646 1075 3723 {Iohannis
1100 3645 1244 3711 Galfridi
1272 3650 1308 3710 et
1329 3645 1440 3722 nostri,
1461 3650 1494 3710 et

449 3749 599 3838 praedicti
625 3748 762 3814 Walteri
798 3748 916 3828 Galun,
940 3749 1038 3815 citius
1073 3771 1138 3835 quo
1161 3747 1282 3832 Dirige
1314 3747 1494 3834 incipiatur,

448 3851 679 3917 illuminentur
702 3873 815 3916 omnes
837 3853 922 3916 cerei
937 3852 1097 3937 praedicti,
1113 3857 1148 3917 et
1170 3850 1310 3918 ardeant
1331 3871 1493 3938 quousque

447 3954 531 4019 illud
566 3951 709 4019 officium
747 3952 848 4017 fuerit
882 3951 1022 4018 finitum.
1079 3954 1123 4018 Et
1154 3953 1190 4016 in
1224 3954 1367 4018 crastino
1400 3952 1493 4019 citius

447 4077 512 4141 quo
546 4056 646 4120 missa
677 4055 809 4141 incepta
846 4054 947 4119 fuerit
981 4077 1094 4120 omnes
1132 4055 1216 4121 cerei
1250 4055 1493 4134 illuminentur;

446 4161 546 4224 missa
577 4164 689 4223 autem
721 4157 886 4222 celebrata
917 4158 1033 4223 statim
1068 4158 1318 4244 extinguantur.
1381 4158 1424 4222 Et
1451 4179 1492 4222 ue

445 4261 512 4327 ista
533 4267 647 4327 nostra
679 4261 853 4338 ordinatio,
876 4261 1020 4346 provisio
1045 4266 1079 4325 et
1113 4260 1294 4347 assignatio
1317 4259 1360 4326 ab
1386 4259 1492 4346 aliquo

444 4366 548 4452 possit
580 4365 616 4428 in
639 4368 807 4450 posterum
830 4362 964 4440 irritari,
987 4363 1041 4427 vel
1073 4362 1184 4448 aliquo
1207 4363 1305 4429 modo
1327 4362 1492 4438 infirmari,

443 4469 551 4554 ipsam
574 4467 683 4553 sigillo
697 4470 810 4531 nostro
832 4470 867 4530 et
889 4464 997 4552 sigillo
1013 4471 1196 4531 conventus
1211 4466 1316 4532 nostri
1340 4466 1491 4530 duximus

443 4569 708 4645 confirmandam,
732 4568 793 4633 sub
827 4567 1038 4634 anathemate
1061 4568 1200 4633 firmiter
1231 4568 1420 4634 inhibentes
1451 4590 1491 4632 ne

442 4675 563 4761 aliquis
594 4693 814 4738 successorum
848 4677 1035 4737 nostrorum
1067 4670 1153 4737 hanc
1185 4676 1332 4736 nostram
1363 4672 1490 4737 ordina·

441 4779 575 4856 tionem,
590 4776 812 4864 provisionem
836 4779 871 4839 et
892 4774 1149 4861 assignationem
1172 4774 1350 4861 infringere
1367 4773 1419 4840 vel
1441 4775 1489 4838 iu-
