3524 5808
470 848 535 910 410
881 865 1061 913 appanmx
1086 866 1122 913 11.

469 1051 512 1114 Et
536 1051 624 1116 unde
648 1052 833 1137 dicitquod
857 1053 930 1137 ipsa
946 1055 1056 1138 Agnes
1081 1052 1145 1115 fuit
1168 1052 1281 1116 saisita
1304 1052 1344 1115 de
1367 1052 1522 1137 praedicta

468 1155 601 1240 virgata
624 1161 719 1219 iemae
743 1176 818 1220 cum
843 1155 1055 1239 pertiuentiis
1072 1155 1108 1218 in
1139 1155 1305 1220 dominico
1329 1176 1399 1230 suo,
1424 1160 1463 1218 ut
1485 1155 1521 1218 dc

467 1259 563 1325 feodo
595 1267 629 1325 et
647 1261 732 1346 juro,
763 1267 910 1346 tempora
933 1261 1029 1346 pacis,
1056 1267 1201 1346 tempore
1227 1263 1313 1346 regis
1337 1261 1519 1345 E[dwardi]

467 1363 571 1448 patris
604 1363 730 1426 domini
751 1355 850 1448 ¹regis
873 1385 971 1441 nunc,
995 1363 1154 1448 capiendo
1187 1363 1265 1427 inde
1296 1361 1458 1449 expleiias
1480 1363 1520 1427 ad

468 1465 658 1541 valentiam,
689 1471 748 1530 etc.
796 1465 840 1530 Ec
875 1466 912 1529 in
945 1487 1053 1550 quam,
1078 1471 1150 1542 etc„
1172 1465 1239 1530 nisi
1271 1471 1345 1551 post
1380 1465 1519 1530 dimissi-

467 1588 570 1644 onem,
595 1573 655 1632 etc
703 1567 748 1632 Ec
777 1568 855 1632 inde
888 1566 1041 1653 producit
1075 1573 1207 1645 secbam,
1229 1575 1288 1633 etc.
1344 1567 1388 1631 Ei
1421 1567 1520 1632 abbas

467 1692 525 1754 per
562 1675 768 1735 aitomatum
808 1689 903 1732 suum
942 1669 1044 1746 venii,
1084 1675 1117 1732 ct
1149 1669 1299 1734 defendit
1331 1668 1389 1754 jus
1426 1691 1520 1732 suum

467 1773 606 1858 quando,
631 1777 692 1836 cic.
739 1771 785 1836 Ei
807 1771 890 1854 bene
914 1771 1065 1835 concedit
1080 1771 1169 1855 quod
1192 1770 1370 1856 pmedictus
1394 1769 1516 1835 Gerva-

466 1876 534 1940 sius
569 1875 734 1961 quondam
767 1875 826 1950 vir,
859 1878 929 1950 aba,
962 1873 1089 1937 dimisit
1119 1873 1257 1959 praefato
1293 1872 1460 1938 Willelmo
1483 1873 1520 1937 de

466 1978 603 2042 (bieme
635 1977 801 2062 quondam
824 1976 945 2051 abbati,
970 1981 1039 2052 eia,
1072 1975 1308 2061 praedecessori,
1340 1981 1410 2050 etc,
1441 1997 1521 2062 prae-

465 2080 588 2145 dietam
622 2081 785 2164 virgabam
820 2083 925 2152 ierrae,
959 2077 1014 2141 sed
1046 2077 1129 2142 dicit
1160 2077 1248 2162 quod
1271 2077 1384 2142 eadem
1409 2077 1519 2162 Agnes

465 2181 567 2248 nichil
591 2183 667 2246 inde
694 2182 737 2245 ad
760 2201 903 2266 praesens
926 2184 1038 2264 petere
1061 2185 1178 2264 potest,
1203 2185 1262 2244 etc
1309 2179 1401 2244 Dicit
1431 2180 1519 2243 enim

465 2285 552 2370 quod
585 2285 672 2348 idem
698 2283 882 2347 Willelmus
913 2281 1080 2367 quondam
1110 2281 1222 2357 abbas
1245 2287 1318 2358 etc,
1342 2282 1519 2367 praedeces-

465 2409 519 2452 sor
541 2387 690 2472 praedicbi
714 2386 853 2460 abbatis,
877 2383 970 2449 dedic
992 2384 1139 2470 piaefatis
1156 2383 1314 2448 Gervasio
1338 2389 1370 2448 et
1388 2383 1521 2470 Agneti,

466 2512 569 2554 unum
593 2489 797 2576 mesuagium
821 2492 856 2552 et
877 2509 978 2552 unam
1003 2487 1165 2572 virgatam
1201 2491 1298 2551 berrae
1321 2508 1395 2551 cum
1419 2487 1521 2571 pemi-

464 2595 588 2658 nentiis
618 2595 653 2656 in
676 2592 759 2656 villa
789 2591 830 2656 de
854 2589 1013 2666 Foxham,
1037 2590 1218 2655 tenendum
1255 2590 1337 2676 ipsis
1361 2589 1521 2654 Genvasio

466 2702 500 2760 ct
530 2695 653 2782 Agneii
676 2699 711 2759 eb
732 2693 828 2761 altari
852 2693 997 2779 ipsorum
1021 2691 1149 2757 diuiius
1172 2692 1311 2769 viventi,
1340 2693 1375 2755 in
1398 2713 1520 2758 escam·

466 2799 558 2863 bium
574 2820 633 2884 pro
649 2797 807 2882 praedicta
830 2795 962 2881 virgata
984 2800 1081 2859 terrae
1098 2794 1139 2858 de
1155 2794 1334 2879 Parymne,
1357 2795 1414 2879 qui
1437 2795 1517 2858 inde

465 2901 590 2965 fuerint
620 2899 724 2964 scisiti
757 2898 890 2962 nomine
923 2896 1075 2970 escambii
1113 2900 1185 2960 bota
1209 2896 1280 2960 vita
1311 2897 1415 2981 ipsius
1439 2895 1520 2961 Ger·

467 3003 557 3066 vasii.
605 3001 826 3066 assimiliter
860 2999 932 3084 ipsa
955 2999 1066 3084 Agnes
1102 3002 1178 3082 post
1209 3003 1348 3062 moriem
1373 2999 1522 3084 ejusdem

466 3104 616 3170 Gervasii
649 3103 803 3167 saisinam
835 3123 929 3166 suam
962 3100 1039 3164 inde
1071 3099 1290 3176 continuavit,
1314 3105 1383 3176 cta,
1406 3122 1523 3186 accep-

464 3207 566 3270 tando
590 3205 789 3270 escambium
821 3201 1026 3288 praedictum,
1059 3210 1094 3265 et
1123 3201 1233 3266 adhuc
1260 3207 1310 3266 ast
1332 3201 1368 3264 in
1391 3202 1522 3280 scisma,

464 3315 533 3386 etc,
558 3315 592 3372 eb
624 3308 709 3394 petit
738 3307 911 3392 judicium,
936 3311 995 3369 abc.
1043 3303 1087 3367 Et
1110 3304 1221 3389 Agnes
1256 3304 1343 3389 petit
1366 3305 1455 3388 quod
1480 3327 1523 3370 cx

465 3435 530 3497 quo
561 3411 663 3476 abbas
690 3409 812 3495 allegat
835 3408 1034 3473 escambium
1059 3406 1137 3471 inde
1160 3407 1284 3473 factum
1316 3407 1417 3471 baisse
1436 3413 1523 3472 tem-

465 3536 541 3600 pore
565 3515 629 3578 viri
653 3513 713 3591 sui,
737 3512 825 3598 quod
861 3511 1015 3575 ostendat
1047 3509 1074 3572 si
1109 3509 1198 3594 quod
1232 3509 1357 3574 factum
1380 3511 1522 3596 speciale

464 3617 585 3682 habeat
609 3617 649 3680 de
665 3615 828 3680 escambio
859 3614 924 3678 illo.
972 3613 1038 3692 Qui
1062 3611 1146 3676 nihil
1168 3613 1385 3697 specialitatis
1409 3619 1522 3678 osten-

464 3721 516 3784 dic
539 3719 602 3784 nisi
634 3723 766 3782 tantum
802 3716 889 3802 quod
925 3716 994 3800 ipse
1029 3718 1165 3799 paratus
1199 3720 1250 3778 est
1283 3736 1341 3799 pcr
1377 3715 1523 3800 patriam

466 3823 642 3897 verificare,
673 3825 732 3884 cic.
780 3818 824 3882 Et
847 3818 959 3904 Agnes
992 3817 1072 3881 dicit
1105 3815 1193 3900 quod
1216 3816 1394 3901 praedictus
1417 3817 1522 3882 abbas

464 3924 507 3988 ad
541 3922 797 3988 verificaiioncm
832 3921 950 4006 pairiae
982 3941 1080 4006 super
1113 3918 1226 4004 aliquo
1260 3919 1423 3985 escambio
1460 3921 1521 3984 ad·

360 4098 365 4108 ¹
465 4028 554 4090 micci
578 4048 645 4091 non
667 4025 765 4089 debet
788 4023 823 4086 in
846 4023 909 4089 hac
930 4028 1032 4108 parbe.
1079 4022 1171 4086 Dicit
1188 4043 1302 4086 revera
1326 4023 1414 4107 quod
1435 4043 1523 4109 prae·

465 4128 573 4191 dictus
607 4126 793 4191 Willeimus
825 4125 865 4188 de
889 4123 1027 4188 Colerne
1059 4123 1225 4209 quondam
1258 4122 1368 4200 abbas,
1392 4128 1461 4200 cic,
1488 4131 1525 4188 et

464 4230 610 4314 ejusdem
632 4229 696 4294 loci
727 4231 920 4304 convenius,
944 4230 1174 4292 concesserunt
1197 4225 1278 4310 ipsis
1301 4225 1462 4290 Gervasio
1488 4232 1524 4292 ei

462 4333 588 4418 Agncti
612 4352 714 4395 unum
738 4329 943 4415 mesuagium
967 4332 1002 4392 et
1025 4349 1126 4391 unam
1148 4326 1321 4391 dimidiam
1351 4327 1522 4413 virgatam

462 4441 558 4500 berne
582 4457 656 4501 cum
691 4432 900 4520 pertinentiis
932 4430 969 4493 in
1001 4429 1160 4515 praedicta
1182 4427 1264 4494 villa
1294 4428 1335 4493 de
1359 4429 1523 4510 Foxham‚

461 4539 637 4605 tenendam
672 4536 714 4600 ad
758 4541 861 4600 boiam
902 4535 1005 4597 vibam
1044 4533 1216 4617 utriusque
1251 4533 1397 4618 ipsorum
1438 4535 1523 4599 Ger·

460 4641 545 4706 vasii
569 4646 604 4706 ct
626 4639 774 4725 Agnetis
799 4636 979 4703 secundum
1009 4635 1148 4700 formam
1181 4641 1215 4700 eb
1237 4641 1384 4701 tenorem
1408 4637 1522 4722 cujus·

461 4746 537 4812 dam
560 4743 674 4829 scripti
697 4741 774 4806 inde
797 4741 885 4806 inber
915 4761 970 4804 eos
1001 4737 1176 4816 indentaii
1200 4737 1295 4823 cujus
1317 4760 1419 4804 unam
1443 4760 1522 4825 par-
