3566 5820
422 887 487 949 122
675 905 873 955 ancrsremr
897 903 1219 954 unsnnseunmnsn.

560 1237 563 1242 .
823 1156 903 1223 One.
928 1155 1071 1224 OOLVl'.

420 1305 542 1389 Qrtieto
576 1307 767 1376 clamantia
804 1309 935 1376 iterem
969 1309 1008 1376 de
1047 1307 1242 1375 cutwine
1279 1308 1320 1374 de
1353 1316 1472 1402 septem

838 1413 929 1476 acore
952 1419 1055 1478 terroe.

249 1573 398 1634 Quitelaim
463 1561 577 1630 Sciant
608 1569 785 1650 praesentes
823 1569 858 1630 et
895 1565 1000 1630 futuri
1038 1565 1125 1650 quod
1156 1586 1216 1650 ego
1246 1563 1470 1642 Innocentius„

249 1640 278 1689 os
287 1641 309 1689 1.
322 1641 354 1690 tle

251 1705 343 1758 Chele-

248 1773 338 1822 north.

417 1665 506 1730 filius
530 1669 680 1754 magistri
702 1667 836 1732 Thomas
860 1669 900 1733 de
925 1667 1175 1745 Choellewrthe,
1198 1667 1336 1744 reddidi,
1351 1666 1470 1745 remisi,

417 1773 451 1832 et
473 1769 622 1853 quietum
646 1769 796 1848 clamavi,
818 1791 878 1856 pro
901 1792 953 1836 me
983 1776 1018 1835 et
1047 1770 1224 1834 heredibus
1247 1769 1328 1834 meis
1350 1769 1471 1854 imper-

416 1876 563 1956 petuum,
596 1872 737 1936 dominis
768 1873 850 1938 meis
883 1871 1048 1938 Willelmo
1080 1871 1193 1938 abbati
1225 1877 1259 1936 et
1291 1872 1470 1936 conventui

418 1974 667 2052 Melmesburiae,
701 1981 809 2040 totum
837 1976 893 2060 jus
928 1981 962 2042 et
995 1975 1150 2040 clnmium
1184 1974 1272 2060 quod
1306 1973 1407 2039 habui
1433 1975 1469 2038 in

415 2081 541 2160 septem
575 2077 659 2142 acris
690 2083 795 2154 terrae,
828 2098 902 2143 oum
934 2077 1153 2164 pertinentiis,
1188 2097 1269 2161 quae
1300 2075 1394 2140 tenui
1429 2076 1469 2140 de

415 2178 536 2243 eisdem
569 2178 689 2244 abbate
720 2184 754 2244 st
780 2184 946 2244 conventu
969 2179 1006 2243 in
1028 2179 1151 2265 eampis
1174 2178 1215 2244 de
1239 2177 1469 2253 Oreddeweile,

415 2301 554 2364 quarum
587 2281 720 2365 quidem
752 2302 909 2358 acrarum,
942 2281 1016 2346 duae
1046 2282 1160 2367 jacent
1193 2281 1284 2366 epud
1317 2280 1468 2344 Buttese-

415 2387 506 2458 west,
530 2386 564 2446 et
597 2382 750 2447 extendit
772 2404 806 2446 se
829 2403 928 2468 super
955 2382 1026 2446 Fos.
1072 2381 1158 2446 Duae
1176 2382 1291 2466 jacent
1313 2380 1469 2446 Attehele

415 2488 450 2548 et
471 2483 658 2549 extendunt
680 2505 715 2548 se
736 2483 888 2548 similiter
910 2505 1009 2570 super
1031 2483 1102 2548 Fos.
1149 2483 1232 2548 Dum
1244 2483 1358 2568 jacent
1379 2482 1468 2568 apud

415 2583 588 2669 Shyldune
620 2590 654 2648 et
686 2585 873 2649 extendunt·
899 2605 933 2648 se
960 2589 1203 2670 superterram
1226 2582 1365 2647 Walteri
1389 2582 1468 2646 Ber·

413 2685 504 2750 narrt
553 2685 629 2750 Una
651 2706 726 2750 acra
744 2685 834 2769 jacet
852 2685 954 2768 juxte
969 2685 1187 2770 Luttesweye.
1232 2685 1411 2750 Habendos
1434 2691 1469 2750 et

413 2785 572 2851 tenendas
604 2786 777 2872 praedictas
812 2787 867 2852 vii.
912 2808 1003 2852 acras
1034 2808 1109 2852 cum
1143 2787 1352 2872 pertinentiis
1384 2808 1467 2872 prae-

414 2888 510 2952 dictis
553 2888 667 2954 abbati
705 2893 740 2954 et
777 2890 956 2978 conventui
994 2895 1027 2952 et
1070 2908 1182 2953 eorum
1220 2890 1465 2968 suecessoribus,

413 2990 513 3055 libere
548 2996 583 3055 et
616 2990 734 3074 quiete,
759 2991 885 3076 integre
920 2995 954 3054 et
986 2989 1128 3075 pacifice,
1150 2991 1221 3054 sine
1249 2989 1316 3054 ullo
1339 2995 1465 3054 retene-

412 3096 525 3156 mento
568 3092 818 3177 imperpetuum.
865 3091 920 3155 Ita
958 3092 1046 3176 quod
1091 3091 1241 3176 praedicti
1286 3090 1388 3157 abbas
1432 3096 1467 3156 et

412 3199 594 3262 conventus
628 3199 663 3259 et
696 3215 808 3258 eorum
846 3215 1043 3258 successores
1077 3194 1221 3259 habeant
1258 3201 1293 3260 et
1330 3200 1467 3259 teneant

412 3297 586 3382 praedictae
608 3301 733 3381 septem
761 3316 851 3360 acras
882 3299 986 3372 terrae,
1010 3316 1084 3360 cum
1108 3295 1326 3381 pertinentiis,
1349 3300 1384 3360 ot
1406 3317 1466 3381 pm

413 3397 585 3462 voluntate
623 3417 733 3460 eorum
774 3396 928 3460 ordinent
966 3402 1000 3460 et
1037 3396 1215 3480 disponant
1249 3396 1320 3461 sine
1353 3396 1465 3482 eliqua

412 3499 677 3576 contradictione,
720 3498 904 3574 vexatione,
942 3497 996 3562 vel
1033 3497 1272 3577 reclamatione,
1307 3501 1373 3563 mei
1411 3499 1465 3563 vel

411 3600 569 3664 heredum
603 3619 757 3677 meorum,
792 3599 1043 3684 imperpetuum.
1091 3599 1145 3663 Ita
1184 3599 1271 3684 quod
1306 3621 1367 3666 nec
1405 3623 1464 3686 ego

411 3723 471 3768 nec
494 3699 613 3786 aliquis
636 3701 793 3767 heredum
817 3722 963 3765 meorum
997 3701 1125 3785 aliquid
1153 3702 1240 3787 juris
1268 3701 1322 3766 vel
1354 3702 1463 3767 olamii

411 3805 447 3867 in
489 3803 656 3890 praedictis
701 3810 826 3888 septem
850 3803 959 3868 'acris
996 3809 1093 3868 terrae
1131 3824 1206 3868 oum
1255 3804 1465 3888 pertinentiis

411 3907 653 3992 imperpetuum
705 3906 800 3970 nobis
853 3905 1025 3970 vendicare
1081 3906 1250 3991 possimne.
1295 3905 1358 3970 Pro
1403 3906 1465 3972 heo

410 4013 522 4072 autem
556 4009 745 4073 remissione
779 4013 814 4072 et
845 4008 958 4092 quieta
991 4007 1169 4074 clamantia
1195 4029 1276 4086 mea,
1301 4008 1463 4073 dederunt

411 4107 494 4172 mihi
517 4108 664 4195 praedicti
699 4108 800 4175 abbas
835 4113 868 4174 et
896 4114 1077 4174 conventus
1100 4109 1321 4196 quadraginta
1342 4109 1463 4175 solidos

411 4212 651 4298 sterlingorum.

456 4313 501 4379 Et
534 4319 574 4377 ut
607 4314 678 4378 haeo
700 4333 773 4378 mea
797 4313 944 4378 remissio
976 4318 1010 4378 et
1032 4313 1146 4397 quiete
1168 4312 1345 4378 clamantia
1366 4313 1462 4378 firme

411 4416 479 4480 sint
500 4417 751 4501 imperpetuum,
779 4414 841 4479 hoc
863 4416 1021 4500 scriptum
1046 4414 1168 4479 eisdem
1192 4415 1305 4480 abbati
1328 4421 1364 4481 et
1386 4436 1461 4480 oon-

410 4517 527 4582 ventui
549 4515 614 4581 ieci
637 4520 671 4580 et
693 4515 800 4603 sigiJlo
823 4537 896 4581 meo
918 4516 1056 4603 signavi.
