<?xml version="1.0" encoding="UTF-8"?>
<!DOCTYPE html PUBLIC "-//W3C//DTD XHTML 1.0 Transitional//EN"
    "http://www.w3.org/TR/xhtml1/DTD/xhtml1-transitional.dtd">
<html xmlns="http://www.w3.org/1999/xhtml" xml:lang="en" lang="en">
 <head>
  <title>
</title>
<meta http-equiv="Content-Type" content="text/html;charset=utf-8" />
  <meta name='ocr-system' content='tesseract 3.04.00' />
  <meta name='ocr-capabilities' content='ocr_page ocr_carea ocr_par ocr_line ocrx_word'/>
</head>
<body>
  <div class='ocr_page' id='page_1' title='image "./registrummalmes00martgoog_0348.png"; bbox 0 0 3526 5810; ppageno 0'>
   <div class='ocr_carea' id='block_1_1' title="bbox 466 828 1258 898">
    <p class='ocr_par' dir='ltr' id='par_1_1' title="bbox 466 828 1258 898">
     <span class='ocr_line' id='line_1_1' title="bbox 466 828 1258 898; baseline 0.009 -8"><span class='ocrx_word' id='word_1_1' title='bbox 466 828 532 890; x_wconf 76' lang='lat'><strong>254</strong></span> <span class='ocrx_word' id='word_1_2' title='bbox 720 844 916 895; x_wconf 78' lang='lat' dir='ltr'><strong>ssorsrsuu</strong></span> <span class='ocrx_word' id='word_1_3' title='bbox 939 846 1258 898; x_wconf 76' lang='lat' dir='ltr'><strong>umusssumimss.</strong></span> 
     </span>
    </p>
   </div>
   <div class='ocr_carea' id='block_1_2' title="bbox 463 1033 1515 1944">
    <p class='ocr_par' dir='ltr' id='par_1_2' title="bbox 463 1033 1515 1944">
     <span class='ocr_line' id='line_1_2' title="bbox 464 1033 1513 1122; baseline 0.004 -26"><span class='ocrx_word' id='word_1_4' title='bbox 464 1033 608 1116; x_wconf 81' lang='lat' dir='ltr'><strong>pasturis</strong></span> <span class='ocrx_word' id='word_1_5' title='bbox 640 1037 674 1097; x_wconf 90' lang='lat' dir='ltr'><strong>et</strong></span> <span class='ocrx_word' id='word_1_6' title='bbox 707 1033 896 1100; x_wconf 87' lang='lat' dir='ltr'><strong>hominibus</strong></span> <span class='ocrx_word' id='word_1_7' title='bbox 930 1039 965 1100; x_wconf 91' lang='lat' dir='ltr'><strong>et</strong></span> <span class='ocrx_word' id='word_1_8' title='bbox 998 1035 1151 1102; x_wconf 88' lang='lat' dir='ltr'><strong>omnibus</strong></span> <span class='ocrx_word' id='word_1_9' title='bbox 1189 1036 1398 1122; x_wconf 79' lang='lat' dir='ltr'><strong>pertinentiis</strong></span> <span class='ocrx_word' id='word_1_10' title='bbox 1435 1035 1513 1113; x_wconf 74' lang='lat' dir='ltr'><strong>suis</strong></span> 
     </span>
     <span class='ocr_line' id='line_1_3' title="bbox 465 1134 1515 1221; baseline 0.002 -23"><span class='ocrx_word' id='word_1_11' title='bbox 465 1134 568 1200; x_wconf 89' lang='lat' dir='ltr'><strong>debeo</strong></span> <span class='ocrx_word' id='word_1_12' title='bbox 594 1157 663 1221; x_wconf 83' lang='lat' dir='ltr'><strong>ege,</strong></span> <span class='ocrx_word' id='word_1_13' title='bbox 686 1136 795 1202; x_wconf 86' lang='lat' dir='ltr'><strong>dietus</strong></span> <span class='ocrx_word' id='word_1_14' title='bbox 826 1136 1065 1217; x_wconf 69' lang='lat' dir='ltr'><strong>subsanasse</strong></span> <span class='ocrx_word' id='word_1_15' title='bbox 1094 1137 1230 1204; x_wconf 87' lang='lat' dir='ltr'><strong>heredes</strong></span> <span class='ocrx_word' id='word_1_16' title='bbox 1261 1139 1334 1217; x_wconf 89' lang='lat' dir='ltr'><strong>mei,</strong></span> <span class='ocrx_word' id='word_1_17' title='bbox 1357 1137 1515 1204; x_wconf 77' lang='lat' dir='ltr'><strong>woranti-</strong></span> 
     </span>
     <span class='ocr_line' id='line_1_4' title="bbox 464 1237 1513 1308; baseline 0.003 -7"><span class='ocrx_word' id='word_1_18' title='bbox 464 1257 537 1302; x_wconf 82' lang='lat' dir='ltr'><strong>zere</strong></span> <span class='ocrx_word' id='word_1_19' title='bbox 561 1238 649 1303; x_wconf 87' lang='lat' dir='ltr'><strong>dioto</strong></span> <span class='ocrx_word' id='word_1_20' title='bbox 670 1237 838 1305; x_wconf 82' lang='lat' dir='ltr'><strong>Gileberto</strong></span> <span class='ocrx_word' id='word_1_21' title='bbox 861 1246 895 1304; x_wconf 87' lang='lat' dir='ltr'><strong>et</strong></span> <span class='ocrx_word' id='word_1_22' title='bbox 917 1239 1093 1306; x_wconf 80' lang='lat' dir='ltr'>heredibus</span> <span class='ocrx_word' id='word_1_23' title='bbox 1115 1241 1184 1306; x_wconf 86' lang='lat' dir='ltr'><strong>suis</strong></span> <span class='ocrx_word' id='word_1_24' title='bbox 1206 1246 1321 1307; x_wconf 80' lang='lat' dir='ltr'><strong>oontm</strong></span> <span class='ocrx_word' id='word_1_25' title='bbox 1342 1240 1513 1308; x_wconf 88' lang='lat' dir='ltr'><strong>dominum</strong></span> 
     </span>
     <span class='ocr_line' id='line_1_5' title="bbox 463 1329 1512 1426; baseline 0.003 -22"><span class='ocrx_word' id='word_1_26' title='bbox 463 1339 500 1404; x_wconf 89' lang='lat' dir='ltr'><strong>in</strong></span> <span class='ocrx_word' id='word_1_27' title='bbox 522 1341 630 1426; x_wconf 78' lang='lat' dir='ltr'><strong>sepite</strong></span> <span class='ocrx_word' id='word_1_28' title='bbox 659 1329 749 1406; x_wconf 85' lang='lat' dir='ltr'><strong>illius</strong></span> <span class='ocrx_word' id='word_1_29' title='bbox 781 1348 887 1421; x_wconf 87' lang='lat' dir='ltr'><strong>terrae,</strong></span> <span class='ocrx_word' id='word_1_30' title='bbox 909 1348 944 1408; x_wconf 91' lang='lat' dir='ltr'><strong>et</strong></span> <span class='ocrx_word' id='word_1_31' title='bbox 967 1349 1082 1410; x_wconf 76' lang='lat' dir='ltr'><strong>eontra</strong></span> <span class='ocrx_word' id='word_1_32' title='bbox 1103 1365 1216 1410; x_wconf 87' lang='lat' dir='ltr'><strong>omnes</strong></span> <span class='ocrx_word' id='word_1_33' title='bbox 1237 1344 1320 1412; x_wconf 80' lang='lat' dir='ltr'><strong>elios</strong></span> <span class='ocrx_word' id='word_1_34' title='bbox 1349 1341 1512 1420; x_wconf 68' lang='lat' dir='ltr'><strong>mortales,</strong></span> 
     </span>
     <span class='ocr_line' id='line_1_6' title="bbox 463 1443 1511 1529; baseline 0.003 -23"><span class='ocrx_word' id='word_1_35' title='bbox 463 1463 522 1528; x_wconf 92' lang='lat' dir='ltr'><strong>per</strong></span> <span class='ocrx_word' id='word_1_36' title='bbox 543 1443 737 1529; x_wconf 82' lang='lat' dir='ltr'><strong>praediotum</strong></span> <span class='ocrx_word' id='word_1_37' title='bbox 771 1445 954 1512; x_wconf 76' lang='lat' dir='ltr'><strong>servicium.</strong></span> <span class='ocrx_word' id='word_1_38' title='bbox 1014 1445 1077 1512; x_wconf 94' lang='lat' dir='ltr'><strong>Pro</strong></span> <span class='ocrx_word' id='word_1_39' title='bbox 1099 1446 1162 1512; x_wconf 80' lang='lat' dir='ltr'><strong>huo</strong></span> <span class='ocrx_word' id='word_1_40' title='bbox 1190 1451 1304 1512; x_wconf 84' lang='lat' dir='ltr'><strong>sutem</strong></span> <span class='ocrx_word' id='word_1_41' title='bbox 1335 1445 1511 1512; x_wconf 74' lang='lat' dir='ltr'><strong>donatione</strong></span> 
     </span>
     <span class='ocr_line' id='line_1_7' title="bbox 463 1547 1511 1635; baseline 0.004 -26"><span class='ocrx_word' id='word_1_42' title='bbox 463 1551 498 1609; x_wconf 88' lang='lat' dir='ltr'><strong>et</strong></span> <span class='ocrx_word' id='word_1_43' title='bbox 520 1547 735 1613; x_wconf 38' lang='lat' dir='ltr'><strong>concessione*</strong></span> <span class='ocrx_word' id='word_1_44' title='bbox 755 1547 849 1614; x_wconf 88' lang='lat' dir='ltr'><strong>dedit</strong></span> <span class='ocrx_word' id='word_1_45' title='bbox 884 1547 986 1614; x_wconf 87' lang='lat' dir='ltr'><strong>miehi</strong></span> <span class='ocrx_word' id='word_1_46' title='bbox 1016 1549 1194 1635; x_wconf 73' lang='lat' dir='ltr'><strong>prmdiotus</strong></span> <span class='ocrx_word' id='word_1_47' title='bbox 1221 1548 1409 1615; x_wconf 83' lang='lat' dir='ltr'><strong>Gilebertus</strong></span> <span class='ocrx_word' id='word_1_48' title='bbox 1430 1568 1511 1634; x_wconf 76' lang='lat' dir='ltr'><strong>qus-</strong></span> 
     </span>
     <span class='ocr_line' id='line_1_8' title="bbox 463 1649 1513 1736; baseline 0.004 -26"><span class='ocrx_word' id='word_1_49' title='bbox 463 1651 541 1711; x_wconf 88' lang='lat' dir='ltr'><strong>tuor</strong></span> <span class='ocrx_word' id='word_1_50' title='bbox 562 1669 695 1714; x_wconf 75' lang='lat' dir='ltr'><strong>mareas.</strong></span> <span class='ocrx_word' id='word_1_51' title='bbox 753 1649 799 1715; x_wconf 85' lang='lat' dir='ltr'><strong>Et</strong></span> <span class='ocrx_word' id='word_1_52' title='bbox 821 1651 900 1736; x_wconf 80' lang='lat' dir='ltr'><strong>quis</strong></span> <span class='ocrx_word' id='word_1_53' title='bbox 922 1651 998 1717; x_wconf 92' lang='lat' dir='ltr'><strong>volo</strong></span> <span class='ocrx_word' id='word_1_54' title='bbox 1020 1651 1109 1736; x_wconf 90' lang='lat' dir='ltr'><strong>quod</strong></span> <span class='ocrx_word' id='word_1_55' title='bbox 1131 1651 1203 1717; x_wconf 83' lang='lat' dir='ltr'><strong>baeo</strong></span> <span class='ocrx_word' id='word_1_56' title='bbox 1224 1673 1298 1718; x_wconf 84' lang='lat' dir='ltr'><strong>mee</strong></span> <span class='ocrx_word' id='word_1_57' title='bbox 1320 1651 1454 1717; x_wconf 79' lang='lat' dir='ltr'><strong>donatio</strong></span> <span class='ocrx_word' id='word_1_58' title='bbox 1477 1654 1513 1715; x_wconf 86' lang='lat' dir='ltr'><strong>et</strong></span> 
     </span>
     <span class='ocr_line' id='line_1_9' title="bbox 463 1751 1511 1840; baseline 0.009 -26"><span class='ocrx_word' id='word_1_59' title='bbox 463 1751 625 1816; x_wconf 83' lang='lat' dir='ltr'><strong>eoneessio</strong></span> <span class='ocrx_word' id='word_1_60' title='bbox 647 1756 722 1818; x_wconf 78' lang='lat' dir='ltr'><strong>rats</strong></span> <span class='ocrx_word' id='word_1_61' title='bbox 743 1757 779 1817; x_wconf 90' lang='lat' dir='ltr'><strong>et</strong></span> <span class='ocrx_word' id='word_1_62' title='bbox 799 1751 895 1818; x_wconf 80' lang='lat' dir='ltr'><strong>firme</strong></span> <span class='ocrx_word' id='word_1_63' title='bbox 917 1775 1045 1840; x_wconf 85' lang='lat' dir='ltr'><strong>semper</strong></span> <span class='ocrx_word' id='word_1_64' title='bbox 1065 1760 1266 1840; x_wconf 76' lang='lat' dir='ltr'><strong>permanent,</strong></span> <span class='ocrx_word' id='word_1_65' title='bbox 1280 1754 1367 1822; x_wconf 78' lang='lat' dir='ltr'><strong>hono</strong></span> <span class='ocrx_word' id='word_1_66' title='bbox 1385 1757 1511 1822; x_wconf 69' lang='lat' dir='ltr'><strong>curtum</strong></span> 
     </span>
     <span class='ocr_line' id='line_1_10' title="bbox 463 1850 1219 1944; baseline 0.009 -26"><span class='ocrx_word' id='word_1_67' title='bbox 463 1850 571 1938; x_wconf 85' lang='lat' dir='ltr'><strong>sigillo</strong></span> <span class='ocrx_word' id='word_1_68' title='bbox 593 1875 666 1921; x_wconf 89' lang='lat' dir='ltr'><strong>meo</strong></span> <span class='ocrx_word' id='word_1_69' title='bbox 689 1853 840 1922; x_wconf 84' lang='lat' dir='ltr'><strong>munivi¹</strong></span> <span class='ocrx_word' id='word_1_70' title='bbox 885 1855 963 1921; x_wconf 87' lang='lat' dir='ltr'><strong>Hiis</strong></span> <span class='ocrx_word' id='word_1_71' title='bbox 985 1855 1137 1944; x_wconf 75' lang='lat' dir='ltr'><strong>testibus,</strong></span> <span class='ocrx_word' id='word_1_72' title='bbox 1159 1861 1219 1925; x_wconf 87' lang='lat' dir='ltr'><strong>eto.</strong></span> 
     </span>
    </p>
   </div>
   <div class='ocr_carea' id='block_1_3' title="bbox 708 2069 1288 2309">
    <p class='ocr_par' dir='ltr' id='par_1_3' title="bbox 708 2069 1288 2309">
     <span class='ocr_line' id='line_1_11' title="bbox 818 2069 1288 2138; baseline -0.004 -1"><span class='ocrx_word' id='word_1_73' title='bbox 818 2069 898 2137; x_wconf 78' lang='lat' dir='ltr'><strong>CAP.</strong></span> <span class='ocrx_word' id='word_1_74' title='bbox 922 2070 1164 2138; x_wconf 80' lang='lat' dir='ltr'><strong>COOLXXIII.</strong></span> <span class='ocrx_word' id='word_1_75' title='bbox 1286 2075 1288 2082; x_wconf 89' lang='lat'>&#39;</span> 
     </span>
     <span class='ocr_line' id='line_1_12' title="bbox 708 2219 1264 2309; baseline 0.005 -25"><span class='ocrx_word' id='word_1_76' title='bbox 708 2219 812 2287; x_wconf 75' lang='lat' dir='ltr'><strong>Carta</strong></span> <span class='ocrx_word' id='word_1_77' title='bbox 836 2219 991 2309; x_wconf 69' lang='lat' dir='ltr'><strong>Gotfit&#39;di</strong></span> <span class='ocrx_word' id='word_1_78' title='bbox 1015 2221 1055 2288; x_wconf 77' lang='lat' dir='ltr'><strong>de</strong></span> <span class='ocrx_word' id='word_1_79' title='bbox 1077 2221 1264 2288; x_wconf 75' lang='lat' dir='ltr'><strong>Fisemore.</strong></span> 
     </span>
    </p>
   </div>
   <div class='ocr_carea' id='block_1_4' title="bbox 463 2369 1511 2562">
    <p class='ocr_par' dir='ltr' id='par_1_4' title="bbox 463 2369 1511 2562">
     <span class='ocr_line' id='line_1_13' title="bbox 507 2369 1510 2460; baseline 0.001 -25"><span class='ocrx_word' id='word_1_80' title='bbox 507 2369 622 2436; x_wconf 77' lang='lat' dir='ltr'><strong>Sciant</strong></span> <span class='ocrx_word' id='word_1_81' title='bbox 653 2377 831 2456; x_wconf 80' lang='lat' dir='ltr'><strong>praesentes</strong></span> <span class='ocrx_word' id='word_1_82' title='bbox 863 2377 899 2438; x_wconf 93' lang='lat' dir='ltr'><strong>et</strong></span> <span class='ocrx_word' id='word_1_83' title='bbox 928 2373 1042 2450; x_wconf 77' lang='lat' dir='ltr'><strong>firtmi,</strong></span> <span class='ocrx_word' id='word_1_84' title='bbox 1065 2375 1153 2460; x_wconf 90' lang='lat' dir='ltr'><strong>quod</strong></span> <span class='ocrx_word' id='word_1_85' title='bbox 1186 2395 1246 2460; x_wconf 83' lang='lat' dir='ltr'><strong>ego</strong></span> <span class='ocrx_word' id='word_1_86' title='bbox 1269 2372 1436 2439; x_wconf 80' lang='lat' dir='ltr'><strong>Gslfiidus</strong></span> <span class='ocrx_word' id='word_1_87' title='bbox 1468 2372 1510 2436; x_wconf 92' lang='lat' dir='ltr'><strong>de</strong></span> 
     </span>
     <span class='ocr_line' id='line_1_14' title="bbox 463 2473 1511 2562; baseline 0.002 -25"><span class='ocrx_word' id='word_1_88' title='bbox 463 2473 617 2538; x_wconf 85' lang='lat' dir='ltr'><strong>Finemor</strong></span> <span class='ocrx_word' id='word_1_89' title='bbox 654 2473 738 2552; x_wconf 90' lang='lat' dir='ltr'><strong>dedi,</strong></span> <span class='ocrx_word' id='word_1_90' title='bbox 773 2474 926 2553; x_wconf 80' lang='lat' dir='ltr'><strong>concessi,</strong></span> <span class='ocrx_word' id='word_1_91' title='bbox 958 2479 992 2539; x_wconf 90' lang='lat' dir='ltr'><strong>et</strong></span> <span class='ocrx_word' id='word_1_92' title='bbox 1023 2475 1086 2540; x_wconf 83' lang='lat' dir='ltr'><strong>hee</strong></span> <span class='ocrx_word' id='word_1_93' title='bbox 1124 2475 1280 2562; x_wconf 84' lang='lat' dir='ltr'><strong>praesenti</strong></span> <span class='ocrx_word' id='word_1_94' title='bbox 1314 2480 1405 2541; x_wconf 81' lang='lat' dir='ltr'><strong>carte</strong></span> <span class='ocrx_word' id='word_1_95' title='bbox 1437 2495 1511 2539; x_wconf 80' lang='lat' dir='ltr'><strong>mea</strong></span> 
     </span>
    </p>
   </div>
   <div class='ocr_carea' id='block_1_5' title="bbox 293 2533 1510 2654">
    <p class='ocr_par' dir='ltr' id='par_1_5' title="bbox 293 2533 1510 2654">
     <span class='ocr_line' id='line_1_15' title="bbox 293 2533 1510 2654; baseline 0.001 -14"><span class='ocrx_word' id='word_1_96' title='bbox 293 2533 321 2632; x_wconf 70' lang='lat' dir='ltr'><strong>ao</strong></span> <span class='ocrx_word' id='word_1_97' title='bbox 363 2534 383 2634; x_wconf 59' lang='grc' dir='ltr'><strong>θ.</strong></span> <span class='ocrx_word' id='word_1_98' title='bbox 462 2577 662 2654; x_wconf 81' lang='lat' dir='ltr'><strong>eonfi1mavi,</strong></span> <span class='ocrx_word' id='word_1_99' title='bbox 684 2575 756 2641; x_wconf 91' lang='lat' dir='ltr'><strong>Deo</strong></span> <span class='ocrx_word' id='word_1_100' title='bbox 778 2581 813 2642; x_wconf 93' lang='lat' dir='ltr'><strong>et</strong></span> <span class='ocrx_word' id='word_1_101' title='bbox 835 2577 978 2643; x_wconf 85' lang='lat' dir='ltr'><strong>eoelesiae</strong></span> <span class='ocrx_word' id='word_1_102' title='bbox 1009 2578 1104 2643; x_wconf 84' lang='lat' dir='ltr'><strong>Beeti</strong></span> <span class='ocrx_word' id='word_1_103' title='bbox 1127 2577 1272 2644; x_wconf 78' lang='lat' dir='ltr'><strong>Aidelmi</strong></span> <span class='ocrx_word' id='word_1_104' title='bbox 1294 2579 1334 2644; x_wconf 89' lang='lat' dir='ltr'><strong>de</strong></span> <span class='ocrx_word' id='word_1_105' title='bbox 1358 2577 1510 2642; x_wconf 82' lang='lat' dir='ltr'><strong>Mnlmes-</strong></span> 
     </span>
    </p>
   </div>
   <div class='ocr_carea' id='block_1_6' title="bbox 426 2677 1512 4594">
    <p class='ocr_par' dir='ltr' id='par_1_6' title="bbox 459 2677 1511 3270">
     <span class='ocr_line' id='line_1_16' title="bbox 462 2677 1509 2756; baseline -0.001 -13"><span class='ocrx_word' id='word_1_106' title='bbox 462 2678 565 2755; x_wconf 80' lang='lat' dir='ltr'><strong>buria,</strong></span> <span class='ocrx_word' id='word_1_107' title='bbox 588 2684 623 2743; x_wconf 92' lang='lat' dir='ltr'><strong>et</strong></span> <span class='ocrx_word' id='word_1_108' title='bbox 645 2678 778 2744; x_wconf 89' lang='lat' dir='ltr'><strong>domino</strong></span> <span class='ocrx_word' id='word_1_109' title='bbox 802 2677 968 2744; x_wconf 84' lang='lat' dir='ltr'><strong>Willelmo</strong></span> <span class='ocrx_word' id='word_1_110' title='bbox 990 2679 1114 2756; x_wconf 81' lang='lat' dir='ltr'><strong>sbboti,</strong></span> <span class='ocrx_word' id='word_1_111' title='bbox 1138 2683 1173 2744; x_wconf 90' lang='lat' dir='ltr'><strong>et</strong></span> <span class='ocrx_word' id='word_1_112' title='bbox 1195 2677 1364 2746; x_wconf 84' lang='lat' dir='ltr'><strong>moneohis</strong></span> <span class='ocrx_word' id='word_1_113' title='bbox 1386 2679 1509 2744; x_wconf 81' lang='lat' dir='ltr'><strong>ibidem</strong></span> 
     </span>
     <span class='ocr_line' id='line_1_17' title="bbox 461 2781 1510 2867; baseline 0 -23"><span class='ocrx_word' id='word_1_114' title='bbox 461 2781 532 2847; x_wconf 91' lang='lat' dir='ltr'><strong>Deo</strong></span> <span class='ocrx_word' id='word_1_115' title='bbox 555 2781 784 2860; x_wconf 82' lang='lat' dir='ltr'><strong>servientibus,</strong></span> <span class='ocrx_word' id='word_1_116' title='bbox 807 2785 913 2847; x_wconf 73' lang='lat' dir='ltr'><strong>totum</strong></span> <span class='ocrx_word' id='word_1_117' title='bbox 928 2787 1050 2847; x_wconf 79' lang='lat' dir='ltr'><strong>terram</strong></span> <span class='ocrx_word' id='word_1_118' title='bbox 1073 2803 1149 2848; x_wconf 90' lang='lat' dir='ltr'><strong>eum</strong></span> <span class='ocrx_word' id='word_1_119' title='bbox 1172 2783 1324 2848; x_wconf 90' lang='lat' dir='ltr'><strong>omnibus</strong></span> <span class='ocrx_word' id='word_1_120' title='bbox 1347 2781 1415 2846; x_wconf 88' lang='lat' dir='ltr'><strong>suis</strong></span> <span class='ocrx_word' id='word_1_121' title='bbox 1437 2803 1510 2867; x_wconf 90' lang='lat' dir='ltr'><strong>per-</strong></span> 
     </span>
     <span class='ocr_line' id='line_1_18' title="bbox 462 2881 1509 2971; baseline 0 -23"><span class='ocrx_word' id='word_1_122' title='bbox 462 2885 621 2963; x_wconf 77' lang='lat' dir='ltr'><strong>tinentiis,</strong></span> <span class='ocrx_word' id='word_1_123' title='bbox 644 2905 743 2971; x_wconf 80' lang='lat' dir='ltr'><strong>quam</strong></span> <span class='ocrx_word' id='word_1_124' title='bbox 774 2881 877 2948; x_wconf 85' lang='lat' dir='ltr'><strong>hebui</strong></span> <span class='ocrx_word' id='word_1_125' title='bbox 908 2884 944 2948; x_wconf 89' lang='lat' dir='ltr'><strong>in</strong></span> <span class='ocrx_word' id='word_1_126' title='bbox 967 2884 1050 2950; x_wconf 81' lang='lat' dir='ltr'><strong>ville</strong></span> <span class='ocrx_word' id='word_1_127' title='bbox 1072 2885 1113 2949; x_wconf 91' lang='lat' dir='ltr'><strong>de</strong></span> <span class='ocrx_word' id='word_1_128' title='bbox 1136 2883 1174 2950; x_wconf 84' lang='lat' dir='ltr'><strong>la</strong></span> <span class='ocrx_word' id='word_1_129' title='bbox 1199 2883 1420 2951; x_wconf 77' lang='lat' dir='ltr'><strong>Blakeloode:</strong></span> <span class='ocrx_word' id='word_1_130' title='bbox 1450 2883 1509 2948; x_wconf 82' lang='lat' dir='ltr'><strong>hn-</strong></span> 
     </span>
     <span class='ocr_line' id='line_1_19' title="bbox 461 2987 1509 3073; baseline -0.002 -21"><span class='ocrx_word' id='word_1_131' title='bbox 461 2987 602 3054; x_wconf 83' lang='lat' dir='ltr'><strong>bendsm</strong></span> <span class='ocrx_word' id='word_1_132' title='bbox 635 2995 670 3053; x_wconf 87' lang='lat' dir='ltr'><strong>et</strong></span> <span class='ocrx_word' id='word_1_133' title='bbox 701 2987 877 3053; x_wconf 77' lang='lat' dir='ltr'><strong>tenendam</strong></span> <span class='ocrx_word' id='word_1_134' title='bbox 911 2991 1017 3053; x_wconf 75' lang='lat' dir='ltr'><strong>sotem</strong></span> <span class='ocrx_word' id='word_1_135' title='bbox 1050 2987 1242 3073; x_wconf 84' lang='lat' dir='ltr'><strong>praediotsm</strong></span> <span class='ocrx_word' id='word_1_136' title='bbox 1272 2993 1403 3064; x_wconf 80' lang='lat' dir='ltr'><strong>terrem,</strong></span> <span class='ocrx_word' id='word_1_137' title='bbox 1434 3008 1509 3052; x_wconf 87' lang='lat' dir='ltr'><strong>eum</strong></span> 
     </span>
     <span class='ocr_line' id='line_1_20' title="bbox 460 3090 1510 3177; baseline -0.001 -23"><span class='ocrx_word' id='word_1_138' title='bbox 460 3091 619 3168; x_wconf 91' lang='lat' dir='ltr'><strong>domibus,</strong></span> <span class='ocrx_word' id='word_1_139' title='bbox 643 3090 845 3176; x_wconf 71' lang='lat' dir='ltr'><strong>eurtsslngfis</strong></span> <span class='ocrx_word' id='word_1_140' title='bbox 860 3090 980 3168; x_wconf 83' lang='lat' dir='ltr'><strong>eroftis,</strong></span> <span class='ocrx_word' id='word_1_141' title='bbox 1004 3091 1117 3177; x_wconf 87' lang='lat' dir='ltr'><strong>pratis,</strong></span> <span class='ocrx_word' id='word_1_142' title='bbox 1140 3090 1278 3176; x_wconf 79' lang='lat' dir='ltr'><strong>pascuis,</strong></span> <span class='ocrx_word' id='word_1_143' title='bbox 1300 3096 1335 3156; x_wconf 91' lang='lat' dir='ltr'><strong>et</strong></span> <span class='ocrx_word' id='word_1_144' title='bbox 1357 3090 1510 3176; x_wconf 76' lang='lat' dir='ltr'><strong>pasturis,</strong></span> 
     </span>
     <span class='ocr_line' id='line_1_21' title="bbox 459 3192 1511 3270; baseline -0.001 -13"><span class='ocrx_word' id='word_1_145' title='bbox 459 3193 649 3258; x_wconf 87' lang='lat' dir='ltr'><strong>tenentibus</strong></span> <span class='ocrx_word' id='word_1_146' title='bbox 680 3192 792 3257; x_wconf 87' lang='lat' dir='ltr'><strong>liberis</strong></span> <span class='ocrx_word' id='word_1_147' title='bbox 831 3199 865 3258; x_wconf 88' lang='lat' dir='ltr'><strong>et</strong></span> <span class='ocrx_word' id='word_1_148' title='bbox 901 3193 1013 3270; x_wconf 72' lang='lat' dir='ltr'><strong>servis</strong></span> <span class='ocrx_word' id='word_1_149' title='bbox 1040 3197 1075 3259; x_wconf 89' lang='lat' dir='ltr'><strong>et</strong></span> <span class='ocrx_word' id='word_1_150' title='bbox 1105 3215 1217 3259; x_wconf 86' lang='lat' dir='ltr'><strong>eorum</strong></span> <span class='ocrx_word' id='word_1_151' title='bbox 1251 3192 1444 3270; x_wconf 74' lang='lat' dir='ltr'><strong>redditibus,</strong></span> <span class='ocrx_word' id='word_1_152' title='bbox 1475 3197 1511 3256; x_wconf 87' lang='lat' dir='ltr'><strong>et</strong></span> 
     </span>
    </p>

    <p class='ocr_par' dir='ltr' id='par_1_7' title="bbox 426 3294 1512 4594">
     <span class='ocr_line' id='line_1_22' title="bbox 460 3294 1510 3381; baseline -0.005 -20"><span class='ocrx_word' id='word_1_153' title='bbox 460 3295 612 3361; x_wconf 86' lang='lat' dir='ltr'><strong>omnibus</strong></span> <span class='ocrx_word' id='word_1_154' title='bbox 637 3294 712 3360; x_wconf 78' lang='lat' dir='ltr'><strong>eliis</strong></span> <span class='ocrx_word' id='word_1_155' title='bbox 737 3295 835 3360; x_wconf 87' lang='lat' dir='ltr'><strong>rebus</strong></span> <span class='ocrx_word' id='word_1_156' title='bbox 857 3298 893 3360; x_wconf 87' lang='lat' dir='ltr'><strong>et</strong></span> <span class='ocrx_word' id='word_1_157' title='bbox 915 3295 1127 3360; x_wconf 70' lang='lat' dir='ltr'><strong>libertatibus</strong></span> <span class='ocrx_word' id='word_1_158' title='bbox 1156 3295 1200 3360; x_wconf 80' lang='lat' dir='ltr'><strong>ed</strong></span> <span class='ocrx_word' id='word_1_159' title='bbox 1229 3295 1422 3381; x_wconf 83' lang='lat' dir='ltr'><strong>praediotom</strong></span> <span class='ocrx_word' id='word_1_160' title='bbox 1444 3299 1510 3358; x_wconf 88' lang='lat' dir='ltr'><strong>ter-</strong></span> 
     </span>
     <span class='ocr_line' id='line_1_23' title="bbox 431 3381 1511 3484; baseline -0.003 -20"><span class='ocrx_word' id='word_1_161' title='bbox 431 3381 437 3392; x_wconf 39' lang='lat'><em>*</em></span> <span class='ocrx_word' id='word_1_162' title='bbox 459 3421 530 3464; x_wconf 82' lang='lat' dir='ltr'><strong>ram</strong></span> <span class='ocrx_word' id='word_1_163' title='bbox 552 3399 664 3484; x_wconf 79' lang='lat' dir='ltr'><strong>aliquo</strong></span> <span class='ocrx_word' id='word_1_164' title='bbox 687 3398 784 3463; x_wconf 91' lang='lat' dir='ltr'><strong>modo</strong></span> <span class='ocrx_word' id='word_1_165' title='bbox 805 3397 1059 3484; x_wconf 89' lang='lat' dir='ltr'><strong>pertinentibus,</strong></span> <span class='ocrx_word' id='word_1_166' title='bbox 1074 3403 1109 3463; x_wconf 90' lang='lat' dir='ltr'><strong>et</strong></span> <span class='ocrx_word' id='word_1_167' title='bbox 1123 3397 1276 3464; x_wconf 86' lang='lat' dir='ltr'><strong>omnibus</strong></span> <span class='ocrx_word' id='word_1_168' title='bbox 1290 3397 1365 3464; x_wconf 77' lang='lat' dir='ltr'><strong>aliis</strong></span> <span class='ocrx_word' id='word_1_169' title='bbox 1381 3396 1511 3462; x_wconf 78' lang='lat' dir='ltr'><strong>eschae-</strong></span> 
     </span>
     <span class='ocr_line' id='line_1_24' title="bbox 460 3499 1511 3587; baseline 0 -22"><span class='ocrx_word' id='word_1_170' title='bbox 460 3501 504 3565; x_wconf 87' lang='lat' dir='ltr'><strong>tis</strong></span> <span class='ocrx_word' id='word_1_171' title='bbox 526 3522 600 3587; x_wconf 88' lang='lat' dir='ltr'><strong>quae</strong></span> <span class='ocrx_word' id='word_1_172' title='bbox 622 3499 706 3564; x_wconf 88' lang='lat' dir='ltr'><strong>mihi</strong></span> <span class='ocrx_word' id='word_1_173' title='bbox 743 3505 803 3565; x_wconf 83' lang='lat' dir='ltr'><strong>sut</strong></span> <span class='ocrx_word' id='word_1_174' title='bbox 834 3499 1010 3566; x_wconf 88' lang='lat' dir='ltr'><strong>heredibus</strong></span> <span class='ocrx_word' id='word_1_175' title='bbox 1040 3501 1123 3565; x_wconf 89' lang='lat' dir='ltr'><strong>meis</strong></span> <span class='ocrx_word' id='word_1_176' title='bbox 1145 3500 1312 3567; x_wconf 85' lang='lat' dir='ltr'><strong>oocesione</strong></span> <span class='ocrx_word' id='word_1_177' title='bbox 1343 3499 1511 3586; x_wconf 77' lang='lat' dir='ltr'><strong>pmediotae</strong></span> 
     </span>
     <span class='ocr_line' id='line_1_25' title="bbox 426 3602 1511 3690; baseline -0.001 -23"><span class='ocrx_word' id='word_1_178' title='bbox 426 3609 556 3680; x_wconf 76' lang='lat' dir='ltr'><strong>,terroe</strong></span> <span class='ocrx_word' id='word_1_179' title='bbox 584 3604 696 3690; x_wconf 82' lang='lat' dir='ltr'><strong>eliquo</strong></span> <span class='ocrx_word' id='word_1_180' title='bbox 726 3603 824 3669; x_wconf 91' lang='lat' dir='ltr'><strong>modo</strong></span> <span class='ocrx_word' id='word_1_181' title='bbox 860 3610 995 3689; x_wconf 88' lang='lat' dir='ltr'><strong>possent</strong></span> <span class='ocrx_word' id='word_1_182' title='bbox 1026 3602 1179 3682; x_wconf 75' lang='lat' dir='ltr'><strong>assidere,</strong></span> <span class='ocrx_word' id='word_1_183' title='bbox 1202 3603 1300 3672; x_wconf 81' lang='lat' dir='ltr'><strong>dictis</strong></span> <span class='ocrx_word' id='word_1_184' title='bbox 1331 3603 1445 3670; x_wconf 81' lang='lat' dir='ltr'><strong>abbati</strong></span> <span class='ocrx_word' id='word_1_185' title='bbox 1476 3608 1511 3667; x_wconf 92' lang='lat' dir='ltr'><strong>et</strong></span> 
     </span>
     <span class='ocr_line' id='line_1_26' title="bbox 459 3705 1512 3791; baseline -0.004 -19"><span class='ocrx_word' id='word_1_186' title='bbox 459 3706 636 3772; x_wconf 88' lang='lat' dir='ltr'><strong>conventui</strong></span> <span class='ocrx_word' id='word_1_187' title='bbox 669 3712 704 3770; x_wconf 91' lang='lat' dir='ltr'><strong>et</strong></span> <span class='ocrx_word' id='word_1_188' title='bbox 735 3727 848 3771; x_wconf 90' lang='lat' dir='ltr'><strong>eorum</strong></span> <span class='ocrx_word' id='word_1_189' title='bbox 882 3707 1130 3784; x_wconf 72' lang='lat' dir='ltr'><strong>suecessoribus</strong></span> <span class='ocrx_word' id='word_1_190' title='bbox 1153 3707 1262 3784; x_wconf 80' lang='lat' dir='ltr'><strong>libere,</strong></span> <span class='ocrx_word' id='word_1_191' title='bbox 1286 3705 1407 3791; x_wconf 89' lang='lat' dir='ltr'><strong>quiete,</strong></span> <span class='ocrx_word' id='word_1_192' title='bbox 1429 3705 1512 3770; x_wconf 89' lang='lat' dir='ltr'><strong>bene</strong></span> 
     </span>
     <span class='ocr_line' id='line_1_27' title="bbox 459 3807 1510 3894; baseline -0.001 -22"><span class='ocrx_word' id='word_1_193' title='bbox 459 3812 494 3872; x_wconf 91' lang='lat' dir='ltr'><strong>et</strong></span> <span class='ocrx_word' id='word_1_194' title='bbox 516 3809 552 3872; x_wconf 91' lang='lat' dir='ltr'><strong>in</strong></span> <span class='ocrx_word' id='word_1_195' title='bbox 574 3829 662 3893; x_wconf 86' lang='lat' dir='ltr'><strong>psee,</strong></span> <span class='ocrx_word' id='word_1_196' title='bbox 685 3808 939 3894; x_wconf 88' lang='lat' dir='ltr'><strong>imperpetuum.</strong></span> <span class='ocrx_word' id='word_1_197' title='bbox 997 3809 1060 3874; x_wconf 88' lang='lat' dir='ltr'><strong>Pro</strong></span> <span class='ocrx_word' id='word_1_198' title='bbox 1091 3809 1154 3875; x_wconf 86' lang='lat' dir='ltr'><strong>hse</strong></span> <span class='ocrx_word' id='word_1_199' title='bbox 1187 3813 1298 3873; x_wconf 83' lang='lat' dir='ltr'><strong>autem</strong></span> <span class='ocrx_word' id='word_1_200' title='bbox 1331 3807 1510 3873; x_wconf 76' lang='lat' dir='ltr'><strong>donatione</strong></span> 
     </span>
     <span class='ocr_line' id='line_1_28' title="bbox 459 3910 1509 3989; baseline 0.001 -15"><span class='ocrx_word' id='word_1_201' title='bbox 459 3915 494 3975; x_wconf 89' lang='lat' dir='ltr'><strong>et</strong></span> <span class='ocrx_word' id='word_1_202' title='bbox 515 3911 721 3978; x_wconf 83' lang='lat' dir='ltr'><strong>concessione</strong></span> <span class='ocrx_word' id='word_1_203' title='bbox 743 3933 826 3989; x_wconf 82' lang='lat' dir='ltr'><strong>men,</strong></span> <span class='ocrx_word' id='word_1_204' title='bbox 849 3911 1013 3976; x_wconf 89' lang='lat' dir='ltr'><strong>dederunt</strong></span> <span class='ocrx_word' id='word_1_205' title='bbox 1043 3910 1126 3976; x_wconf 90' lang='lat' dir='ltr'><strong>mihi</strong></span> <span class='ocrx_word' id='word_1_206' title='bbox 1149 3911 1230 3978; x_wconf 86' lang='lat' dir='ltr'><strong>dieti</strong></span> <span class='ocrx_word' id='word_1_207' title='bbox 1252 3910 1354 3976; x_wconf 78' lang='lat' dir='ltr'><strong>abbas</strong></span> <span class='ocrx_word' id='word_1_208' title='bbox 1377 3914 1412 3976; x_wconf 91' lang='lat' dir='ltr'><strong>et</strong></span> <span class='ocrx_word' id='word_1_209' title='bbox 1432 3930 1509 3976; x_wconf 92' lang='lat' dir='ltr'><strong>oon-</strong></span> 
     </span>
     <span class='ocr_line' id='line_1_29' title="bbox 458 4011 1508 4101; baseline 0 -23"><span class='ocrx_word' id='word_1_210' title='bbox 458 4019 578 4080; x_wconf 90' lang='lat' dir='ltr'><strong>ventus</strong></span> <span class='ocrx_word' id='word_1_211' title='bbox 604 4013 826 4100; x_wconf 82' lang='lat' dir='ltr'><strong>praemnnibus</strong></span> <span class='ocrx_word' id='word_1_212' title='bbox 849 4014 973 4101; x_wconf 87' lang='lat' dir='ltr'><strong>viginti</strong></span> <span class='ocrx_word' id='word_1_213' title='bbox 1003 4019 1038 4079; x_wconf 90' lang='lat' dir='ltr'><strong>et</strong></span> <span class='ocrx_word' id='word_1_214' title='bbox 1060 4020 1203 4100; x_wconf 75' lang='lat' dir='ltr'><strong>quotuor</strong></span> <span class='ocrx_word' id='word_1_215' title='bbox 1224 4033 1349 4079; x_wconf 77' lang='lat' dir='ltr'><strong>merces</strong></span> <span class='ocrx_word' id='word_1_216' title='bbox 1370 4011 1508 4099; x_wconf 77' lang='lat' dir='ltr'><strong>argenti</strong></span> 
     </span>
     <span class='ocr_line' id='line_1_30' title="bbox 459 4113 1508 4202; baseline 0 -22"><span class='ocrx_word' id='word_1_217' title='bbox 459 4117 505 4181; x_wconf 88' lang='lat' dir='ltr'><strong>Et</strong></span> <span class='ocrx_word' id='word_1_218' title='bbox 538 4138 598 4202; x_wconf 85' lang='lat' dir='ltr'><strong>ego</strong></span> <span class='ocrx_word' id='word_1_219' title='bbox 630 4113 799 4181; x_wconf 81' lang='lat' dir='ltr'><strong>Golfridus</strong></span> <span class='ocrx_word' id='word_1_220' title='bbox 833 4122 867 4182; x_wconf 88' lang='lat' dir='ltr'><strong>et</strong></span> <span class='ocrx_word' id='word_1_221' title='bbox 900 4115 1037 4182; x_wconf 88' lang='lat' dir='ltr'><strong>heredes</strong></span> <span class='ocrx_word' id='word_1_222' title='bbox 1074 4117 1140 4182; x_wconf 87' lang='lat' dir='ltr'><strong>mei</strong></span> <span class='ocrx_word' id='word_1_223' title='bbox 1177 4120 1282 4182; x_wconf 79' lang='lat' dir='ltr'><strong>totum</strong></span> <span class='ocrx_word' id='word_1_224' title='bbox 1316 4115 1508 4202; x_wconf 80' lang='lat' dir='ltr'><strong>praediotnm</strong></span> 
     </span>
     <span class='ocr_line' id='line_1_31' title="bbox 458 4217 1507 4305; baseline 0 -23"><span class='ocrx_word' id='word_1_225' title='bbox 458 4223 580 4284; x_wconf 79' lang='lat' dir='ltr'><strong>terram</strong></span> <span class='ocrx_word' id='word_1_226' title='bbox 603 4240 677 4285; x_wconf 88' lang='lat' dir='ltr'><strong>oum</strong></span> <span class='ocrx_word' id='word_1_227' title='bbox 700 4217 853 4284; x_wconf 90' lang='lat' dir='ltr'><strong>omnibus</strong></span> <span class='ocrx_word' id='word_1_228' title='bbox 875 4217 944 4284; x_wconf 87' lang='lat' dir='ltr'><strong>suis</strong></span> <span class='ocrx_word' id='word_1_229' title='bbox 966 4217 1183 4305; x_wconf 86' lang='lat' dir='ltr'><strong>pertinentiis,</strong></span> <span class='ocrx_word' id='word_1_230' title='bbox 1204 4218 1291 4284; x_wconf 85' lang='lat' dir='ltr'><strong>sieut</strong></span> <span class='ocrx_word' id='word_1_231' title='bbox 1312 4218 1507 4304; x_wconf 77' lang='lat' dir='ltr'><strong>praedictum</strong></span> 
     </span>
     <span class='ocr_line' id='line_1_32' title="bbox 458 4318 1509 4407; baseline 0.001 -22"><span class='ocrx_word' id='word_1_232' title='bbox 458 4326 516 4398; x_wconf 88' lang='lat' dir='ltr'><strong>est,</strong></span> <span class='ocrx_word' id='word_1_233' title='bbox 540 4318 719 4407; x_wconf 72' lang='lat' dir='ltr'><strong>prsediot0²</strong></span> <span class='ocrx_word' id='word_1_234' title='bbox 740 4320 855 4387; x_wconf 81' lang='lat' dir='ltr'><strong>sbbeti</strong></span> <span class='ocrx_word' id='word_1_235' title='bbox 878 4326 912 4386; x_wconf 88' lang='lat' dir='ltr'><strong>et</strong></span> <span class='ocrx_word' id='word_1_236' title='bbox 934 4321 1118 4387; x_wconf 89' lang='lat' dir='ltr'><strong>oonventui</strong></span> <span class='ocrx_word' id='word_1_237' title='bbox 1148 4328 1317 4387; x_wconf 88' lang='lat' dir='ltr'><strong>eteorum</strong></span> <span class='ocrx_word' id='word_1_238' title='bbox 1348 4341 1509 4387; x_wconf 78' lang='lat' dir='ltr'><strong>suecesso-</strong></span> 
     </span>
     <span class='ocr_line' id='line_1_33' title="bbox 457 4423 1508 4510; baseline 0 -22"><span class='ocrx_word' id='word_1_239' title='bbox 457 4425 550 4489; x_wconf 87' lang='lat' dir='ltr'><strong>ribus</strong></span> <span class='ocrx_word' id='word_1_240' title='bbox 573 4429 687 4490; x_wconf 78' lang='lat' dir='ltr'><strong>eontra</strong></span> <span class='ocrx_word' id='word_1_241' title='bbox 719 4445 830 4489; x_wconf 88' lang='lat' dir='ltr'><strong>omnes</strong></span> <span class='ocrx_word' id='word_1_242' title='bbox 861 4423 1015 4490; x_wconf 70' lang='lat' dir='ltr'><strong>mortuos</strong></span> <span class='ocrx_word' id='word_1_243' title='bbox 1047 4424 1290 4510; x_wconf 89' lang='lat' dir='ltr'><strong>imperpetuum</strong></span> <span class='ocrx_word' id='word_1_244' title='bbox 1313 4423 1508 4488; x_wconf 74' lang='lat' dir='ltr'><strong>warantiza-</strong></span> 
     </span>
     <span class='ocr_line' id='line_1_34' title="bbox 457 4525 1508 4594; baseline -0.004 0"><span class='ocrx_word' id='word_1_245' title='bbox 457 4527 573 4594; x_wconf 87' lang='lat' dir='ltr'><strong>bimus.</strong></span> <span class='ocrx_word' id='word_1_246' title='bbox 641 4526 687 4591; x_wconf 85' lang='lat' dir='ltr'><strong>Et</strong></span> <span class='ocrx_word' id='word_1_247' title='bbox 716 4532 756 4592; x_wconf 89' lang='lat' dir='ltr'><strong>ut</strong></span> <span class='ocrx_word' id='word_1_248' title='bbox 786 4526 857 4594; x_wconf 80' lang='lat' dir='ltr'><strong>haeo</strong></span> <span class='ocrx_word' id='word_1_249' title='bbox 886 4526 1021 4594; x_wconf 81' lang='lat' dir='ltr'><strong>donatio</strong></span> <span class='ocrx_word' id='word_1_250' title='bbox 1051 4531 1086 4593; x_wconf 90' lang='lat' dir='ltr'><strong>et</strong></span> <span class='ocrx_word' id='word_1_251' title='bbox 1107 4527 1269 4594; x_wconf 73' lang='lat' dir='ltr'><strong>concessio</strong></span> <span class='ocrx_word' id='word_1_252' title='bbox 1300 4547 1375 4592; x_wconf 82' lang='lat' dir='ltr'><strong>mea</strong></span> <span class='ocrx_word' id='word_1_253' title='bbox 1407 4525 1508 4592; x_wconf 89' lang='lat' dir='ltr'><strong>robur</strong></span> 
     </span>
    </p>
   </div>
   <div class='ocr_carea' id='block_1_7' title="bbox 464 4687 549 4696">
    <p class='ocr_par' dir='ltr' id='par_1_8' title="bbox 464 4687 549 4696">
     <span class='ocr_line' id='line_1_35' title="bbox 464 4687 549 4696; baseline 0 0"><span class='ocrx_word' id='word_1_254' title='bbox 464 4687 549 4696; x_wconf 69' lang='lat'>---··-—</span> 
     </span>
    </p>
   </div>
   <div class='ocr_carea' id='block_1_8' title="bbox 491 4766 1387 4838">
    <p class='ocr_par' dir='ltr' id='par_1_9' title="bbox 491 4766 1387 4838">
     <span class='ocr_line' id='line_1_36' title="bbox 491 4766 1387 4838; baseline -0.003 -14"><span class='ocrx_word' id='word_1_255' title='bbox 491 4775 499 4807; x_wconf 89' lang='lat'>¹</span> <span class='ocrx_word' id='word_1_256' title='bbox 516 4773 623 4838; x_wconf 71' lang='lat' dir='ltr'><strong>nunniti]</strong></span> <span class='ocrx_word' id='word_1_257' title='bbox 638 4769 751 4831; x_wconf 88' lang='lat' dir='ltr'><strong>munimi,</strong></span> <span class='ocrx_word' id='word_1_258' title='bbox 762 4769 820 4820; x_wconf 86' lang='lat' dir='ltr'><strong>MS.</strong></span> <span class='ocrx_word' id='word_1_259' title='bbox 978 4779 983 4835; x_wconf 79' lang='grc' dir='ltr'>Ι</span> <span class='ocrx_word' id='word_1_260' title='bbox 1030 4766 1193 4834; x_wconf 74' lang='lat' dir='ltr'><strong>2proedieeo]</strong></span> <span class='ocrx_word' id='word_1_261' title='bbox 1207 4766 1327 4832; x_wconf 70' lang='lat' dir='ltr'><strong>predicti,</strong></span> <span class='ocrx_word' id='word_1_262' title='bbox 1338 4768 1387 4821; x_wconf 87' lang='lat' dir='ltr'><strong>MS</strong></span> 
     </span>
    </p>
   </div>
   <div class='ocr_carea' id='block_1_9' title="bbox 0 0 1768 5810">
    <p class='ocr_par' dir='ltr' id='par_1_10' title="bbox 0 0 1768 5810">
     <span class='ocr_line' id='line_1_37' title="bbox 0 0 1768 5810; baseline 0 3"><span class='ocrx_word' id='word_1_263' title='bbox 0 0 1768 5810; x_wconf 95' lang='lat' dir='ltr'><strong> </strong></span> 
     </span>
    </p>
   </div>
  </div>
 </body>
</html>
