3566 5820
556 905 755 957 9199999999
777 905 1099 956 99199999999999.
1289 891 1354 956 me

305 1101 399 1184 patre,
424 1097 470 1162 919
505 1119 604 1184 99999
635 1120 672 1162 99
704 1098 811 1164 omnis
845 1098 978 1182 querela
1011 1098 1120 1184 sopita
1156 1103 1212 1164 991.
1260 1096 1356 1177 Quod

304 1200 405 1268 abbas
428 1205 463 1266 91
485 1200 637 1268 monachi
659 1201 700 1265 de
724 1201 956 1288 Kyngeswode
987 1204 1199 1266 removerunt
1220 1199 1386 1287 praedic-f·
1400 1203 1478 1256 aaut.

306 1306 376 1367 tam
398 1301 574 1380 exclusam,
597 1305 632 1368 91
654 1307 832 1368 erexerunt
865 1323 966 1388 prope
1001 1301 1226 1368 molendinum
1250 1323 1356 1378 suum,

306 1406 364 1470 ubi
401 1406 557 1494 primitus
594 1411 675 1484 erat,
712 1407 754 1472 ab
787 1407 901 1474 eadem
935 1405 1011 1472 sede
1045 1407 1089 1472 ad
1121 1406 1356 1472 detrimentum

306 1515 401 1573 terrae
424 1508 554 1574 abbatis
570 1509 610 1573 (19
626 1507 860 1574 Malmesburia
874 1529 1056 1594 numquam
1073 1508 1113 1573 de
1129 1513 1235 1574 cetero
1253 1497 1358 1574 remo·

307 1609 456 1675 vendam
513 1609 558 1674 111
580 1615 620 1674 91
642 1610 761 1676 caritas
784 1616 818 1675 et
840 1631 907 1696 pax
931 1609 1057 1675 intuitu
1081 1609 1249 1696 religionis
1271 1610 1359 1675 inter

308 1712 413 1777 dictas
437 1711 550 1776 domos
574 1710 756 1778 decaetero
790 1711 914 1776 firmior
935 1711 1107 1789 habeatur,
1130 1717 1359 1778 concesserunt

307 1814 408 1880 abbas
431 1819 465 1879 91
487 1820 669 1879 conventus
693 1815 733 1879 (19
766 1814 1000 1880 Malmesburia
1032 1815 1146 1880 abbati
1181 1820 1215 1879 et
1246 1837 1357 1880 mona·

308 1915 377 1982 chia
400 1915 441 1982 de
464 1916 696 2002 Kyngeewode
720 1921 759 1981 ut
781 1917 873 1982 illam
889 1916 1084 2003 particulam
1108 1922 1214 1994 terrae,
1230 1917 1270 1981 (19
1294 1939 1360 2002 qua

306 2021 395 2084 inter
417 2041 472 2084 999
494 2018 603 2085 199991
626 2019 802 2097 contentio,
826 2039 921 2084 muro
936 2018 1102 2083 vallarent
1124 2040 1145 2083 a
1167 2019 1262 2083 fluxu
1277 2041 1360 2104 9999-

309 2121 406 2187 (119199
430 2121 570 2187 exclusae
602 2142 706 2206 usque
737 2120 780 2185 ad
812 2127 944 2206 pratum
978 2120 1108 2185 abbatis
1143 2121 1183 2186 de
1207 2121 1358 2185 Malmes-

308 2225 404 2290 buria
425 2246 540 2290 versus
555 2225 750 2311 aquilonem.
799 2225 843 2290 Et
857 2247 916 2311 pro
943 2224 1005 2290 hae
1028 2225 1241 2302 concessione,
1258 2225 1360 2290 abbas

310 2331 344 2390 et
359 2325 511 2393 monachi
526 2325 567 2392 de
584 2325 818 2413 Kyngeswode
834 2326 963 2392 solvent
985 2326 1160 2392 annuatim
1182 2326 1296 2392 abbati
1320 2327 1361 2390 de

310 2427 543 2494 Malm'esburia
565 2451 667 2494 unam
690 2429 809 2494 libram
832 2429 963 2516 piperis,
987 2428 1043 2494 vel
1066 2429 1238 2494 duodecim
1262 2430 1361 2494 dena-

308 2532 383 2608 rios,
398 2531 441 2596 ad
464 2531 586 2596 festum
609 2531 724 2598 Sancti
738 2531 915 2596 Aldhelmi.
958 2531 1094 2596 Oaeteris
1109 2553 1187 2596 vero
1210 2533 1362 2597 omnibus

309 2633 347 2696 in
368 2654 447 2719 pace
470 2633 689 2710 manentibus,
706 2655 782 2720 9999
797 2639 938 2718 utraque
954 2637 1068 2698 contra
1083 2655 1178 2719 aquae
1201 2635 1362 2720 impetum

311 2757 379 2800 euae
411 2735 586 2823 provideat
607 2736 853 2822 indempnitati.
909 2735 964 2801 119
987 2736 1122 2822 quidem
1144 2759 1186 2802 ue
1209 2737 1363 2803 monachi

310 2840 351 2905 de
375 2839 607 2926 Kyngeswode
639 2839 767 2924 aliquid
805 2861 847 2903 ex
878 2845 973 2924 parte
1005 2861 1073 2917 999,
1105 2840 1162 2904 vel
1195 2862 1238 2904 ex
1270 2845 1362 2927 parte

310 2951 406 3008 terme
428 2943 558 3008 abbatis
582 2942 622 3008 de
646 2941 879 3008 Malmesburia
894 2935 1082 3020 moliantur,
1098 2943 1185 3028 quod
1201 2942 1243 3008 ad
1264 2965 1363 3009 nocu-

312 3048 461 3108 mentum
483 3049 580 3109 terrae
603 3048 664 3109 991
686 3044 774 3129 prati
797 3045 902 3130 ipsius
936 3045 1040 3122 cedat,
1073 3066 1179 3130 neque
1214 3066 1271 3130 999
1303 3046 1364 3108 im·

311 3153 426 3233 petum
464 3168 559 3232 aquae
598 3147 739 3212 exclusae
777 3169 854 3225 9999,
886 3169 993 3232 neque
1028 3169 1086 3234 per
1118 3147 1364 3233 occupationem

311 3249 466 3334 aliquam,
514 3249 571 3314 sed
617 3249 704 3314 91991
754 3270 812 3335 999
856 3248 969 3313 fideles
1015 3247 1172 3326 homines,
1218 3253 1364 3335 tempore

312 3349 475 3416 Johannis
513 3354 549 3414 et
586 3349 722 3414 Thomas
759 3350 801 3414 de
839 3348 1076 3414 Malmesburia
1108 3354 1142 3413 et
1173 3348 1214 3414 (19
1248 3349 1366 3436 Kyng-

312 3453 439 3519 eswode
489 3453 658 3528 abbatum,
705 3451 878 3538 provisum
925 3451 992 3516 fuit
1041 3451 1192 3516 terminis
1229 3453 1366 3540 proinde

312 3555 511 3632 constitutis,
527 3555 577 3619 ita
599 3576 658 3640 per
680 3554 792 3619 omnia
814 3559 849 3618 91
871 3553 907 3617 19
930 3551 1085 3618 omnibus
1107 3558 1267 3639 perpetuo
1289 3576 1366 3620 con-

312 3659 416 3724 919191.
463 3658 508 3722 111
538 3657 566 3722 91
591 3657 676 3722 forte
700 3679 743 3722 ex
773 3657 935 3723 alterutra
959 3663 1054 3743 pa1te
1080 3657 1207 3742 aliquid
1241 3659 1366 3724 factum

312 3761 414 3826 suerit
460 3765 576 3824 contra
619 3759 812 3845 praedictam
847 3759 1127 3836 constitutionem,
1168 3781 1226 3846 per
1258 3761 1367 3825 visum

312 3863 469 3950 legalium
507 3861 681 3927 hominum
721 3861 916 3926 emendetur
952 3861 1023 3926 sine
1061 3861 1228 3939 dilatione,
1267 3885 1366 3948 quam

314 3965 413 4031 citius
447 3966 491 4029 ad
522 3965 678 4030 notitiam
716 3965 910 4028 alterutrius
944 3965 1048 4050 999119
1080 3965 1274 4050 pervenerit.
1324 3967 1368 4030 Et

313 4075 353 4132 ut
375 4067 446 4132 haec
468 4067 559 4152 pacis
581 4067 689 4132 forma
712 4072 786 4132 rata
809 4073 843 4132 et
858 4067 988 4132 stabilis
1011 4073 1205 4153 perseveret,
1229 4068 1366 4132 eandem

314 4169 453 4236 abbates
468 4176 503 4234 et
525 4173 707 4235 conventus
723 4169 763 4234 de
779 4169 1014 4234 Malmesburia
1029 4175 1064 4234 et
1079 4169 1119 4233 de
1137 4170 1366 4256 Kyngeswode

314 4271 471 4358 praesenti
487 4269 608 4356 scripto
624 4274 658 4334 et
673 4270 858 4356 sigillorum
881 4292 1015 4336 suorum
1030 4271 1236 4360 appositione
1252 4273 1367 4337 coufir-

315 4378 508 4454 maverunt,
541 4377 544 4383 “
