3578 5808
555 895 755 955 audianum
777 899 1101 953 masauamaaa
1295 885 1360 954 109

305 1099 481 1186 gardinum
516 1117 635 1179 meum,
658 1119 772 1166 versus
803 1098 1000 1184 aquilonem,
1031 1101 1066 1162 al
1098 1096 1238 1183 triginta
1270 1098 1362 1162 “aaran

305 1209 403 1270 ierrae
434 1201 570 1269 arabilis
602 1201 638 1267 in
669 1201 793 1289 eampis
831 1201 872 1266 da
911 1199 1078 1278 Corslona,
1111 1197 1268 1266 vidaliaai
1300 1197 1363 1264 sub

307 1306 413 1373 crofta
434 1306 570 1372 Ricardi
593 1303 686 1371 Noih
710 1303 883 1371 dimidiam
898 1323 1015 1370 auram.
1056 1301 1164 1390 Super
1186 1301 1361 1378 Ohinnora,

304 1408 407 1495 juxta
420 1415 543 1476 terram
557 1407 721 1476 Johannia
736 1405 910 1493 Wymund
924 1405 1098 1472 dimidiam
1113 1423 1230 1472 aarum.
1269 1403 1485 1468 Internum.

308 1510 415 1580 Diaha
445 1511 618 1578 dimidiam
650 1529 779 1592 acram3
801 1515 836 1576 ei
869 1508 1021 1575 exlendit
1048 1531 1082 1574 aa
1105 1527 1204 1594 super
1225 1507 1364 1574 arufiam

309 1614 442 1682 Ricardi
476 1613 538 1679 filii
570 1613 749 1681 Godefiidi.
794 1612 902 1678 Juxta
938 1617 1060 1678 terram
1103 1609 1240 1676 Hemici
1274 1609 1364 1675 Wol-

309 1737 408 1803 wyna
441 1717 613 1783 dimidiam
645 1735 763 1794 aarum,
787 1719 821 1782 ei
853 1714 1007 1780 exlendit
1035 1733 1069 1780 aa
1100 1733 1198 1801 super
1227 1713 1365 1780 croftam

310 1818 450 1884 walteri
474 1819 515 1884 da
537 1819 777 1905 Heygaraiona‚
794 1816 911 1883 subtus
933 1814 1083 1883 Voxoles.
1115 1816 1224 1882 Juxta
1245 1819 1367 1882 lamam

311 1919 474 1986 Johannia
507 1917 601 1986 Waal
632 1941 733 1986 unam
764 1939 873 1986 acram
908 1920 998 2007 apud
1035 1919 1215 1986 Banakera
1261 1918 1369 1986 Juxta

310 2029 431 2088 lenam
454 2022 613 2089 willelmi
636 2023 831 2111 Ryngslona
862 2021 1034 2088 dimidiam
1057 2043 1167 2090 acram
1190 2023 1226 2087 in
1249 2023 1368 2088 Ruwa-

312 2125 552 2212 douaaiorlong.
609 2126 718 2192 Juxla
741 2131 863 2192 terram
886 2125 1048 2192 Johannia
1087 2125 1236 2213 Riglawa
1274 2126 1370 2192 dimi-

313 2228 402 2294 diam
446 2249 554 2294 aaran]
597 2230 686 2314 apud
723 2228 755 2294 la
794 2227 937 2296 Chaalla.
982 2228 1091 2295 Juxta
1127 2234 1248 2296 terram
1286 2229 1369 2295 Adaa

312 2329 432 2417 Biasup
477 2329 649 2398 dimidiam
694 2351 804 2400 acram
849 2333 939 2418 apud
986 2331 1184 2399 Stouiforda
1262 2333 1371 2398 Juxta

313 2437 434 2498 terram
457 2432 541 2498 Adae
563 2433 656 2498 Dreu
687 2453 790 2501 unam
821 2453 931 2501 auram
963 2433 1000 2498 in
1031 2453 1147 2520 campo
1180 2433 1370 2520 aquilonali.

312 2533 422 2601 Juxta
445 2539 567 2602 perram
590 2535 754 2602 «Iohannis
777 2535 872 2602 Waat
897 2557 999 2602 unam
1022 2557 1140 2614 auram,
1163 2543 1198 2602 ei
1220 2536 1373 2602 exlendii

313 2659 348 2704 aa
391 2657 490 2726 aupar
520 2644 642 2706 ianam
677 2639 814 2707 Hamiei
847 2639 1022 2727 Wolwyna
1053 2641 1090 2704 in
1123 2640 1370 2728 langeforlong.

314 2740 422 2807 luxu
453 2743 585 2807 terram.
607 2741 767 2808 Willelmi
801 2741 896 2808 Waat
929 2741 1101 2809 dimidiam
1134 2763 1243 2810 auram
1274 2763 1372 2829 super

314 2843 472 2910 custudaa
518 2843 626 2910 Juxta
643 2849 765 2912 lamam
787 2843 924 2912 Hauriai
951 2845 1118 2932 Upahulla
1135 2865 1236 2911 unam
1254 2863 1373 2924 aarum,

315 2967 356 3012 en
396 2944 433 3011 la
466 2943 735 3013 Noetllarabrecha
791 2946 900 3012 Juxta
935 2951 1058 3012 terram
1096 2944 1255 3012 willelmi
1292 2945 1372 3034 Rig-

315 3053 409 3114 stane
433 3067 535 3116 unam
566 3069 686 3117 aeram.
733 3049 789 3115 Ad
811 3049 937 3116 iontem
967 3049 1069 3137 juxta
1091 3055 1213 3118 terram
1236 3049 1373 3118 Hauriai

315 3149 488 3237 Wolwyna
522 3171 624 3219 unam
658 3171 775 3220 aarum
823 3153 925 3239 Apud
953 3149 982 3218 la
1017 3151 1239 3238 Wayaaharda
1272 3173 1373 3219 unam

314 3273 431 3320 aaram.
478 3254 578 3341 Apud
601 3255 632 3322 la
654 3254 836 3323 Lolcaltada
858 3275 900 3322 aa
927 3253 963 3321 lu
986 3253 1177 3342 gurdadola
1201 3255 1373 3322 dimidiam

314 3377 433 3424 aarum.
478 3357 580 3444 Apud
603 3359 741 3446 spissam
753 3359 883 3445 spinam
901 3358 1004 3445 juxta
1026 3362 1147 3424 terram
1162 3356 1300 3424 Robarii
1315 3357 1373 3424 Sa-

316 3459 418 3538 ward,
451 3459 624 3526 dimidiam
665 3481 774 3527 amam
807 3481 906 3546 super
929 3459 958 3526 la
985 3457 1207 3546 Oiateuveye.
1267 3459 1375 3526 Juxta

318 3568 440 3630 terram
464 3561 627 3649 Stephani
650 3563 747 3630 Rosel
781 3583 882 3628 unam
912 3581 1020 3628 acram
1043 3581 1142 3650 super
1163 3561 1194 3629 la
1217 3559 1375 3630 Oldeda'ah

314 3687 361 3734 aa
382 3667 418 3735 la
441 3666 633 3756 gurdedole.
680 3667 722 3732 In
746 3685 861 3754 eampo
891 3665 1037 3744 australi,
1071 3665 1243 3733 dimidiam
1265 3687 1374 3734 auram

314 3770 406 3857 apud
422 3769 618 3857 Horaputte.
665 3768 772 3836 Juxta
793 3773 917 3835 terram
932 3767 1092 3834 Willalmi
1113 3769 1251 3836 Alward
1273 3791 1374 3836 unam

314 3893 427 3940 auam
470 3874 560 3960 apud
594 3871 898 3960 Shoriabayndona
945 3871 1053 3938 Juxta
1090 3873 1211 3938 tamam
1249 3871 1374 3939 Johan-

315 3975 371 4040 nia
395 3976 568 4063 Wymund
599 3995 700 4042 unam
732 3995 841 4042 acram
872 3974 908 4039 in
939 3972 1229 4062 Forlangaaliaaha.
1277 3975 1375 4063 Capi-

315 4077 421 4144 talam
460 4099 570 4145 aeram
608 4078 699 4164 apud
736 4075 956 4163 Emplewalle.
1002 4075 1111 4143 Juxta
1133 4081 1254 4144 temam
1277 4078 1376 4164 Regi·

314 4179 410 4246 naldi
449 4181 544 4248 Wast
590 4199 692 4246 unam
738 4199 849 4248 aeram
896 4178 987 4267 apud
1033 4179 1223 4249 Oldalonde.
1270 4181 1377 4248 Juxla

314 4281 488 4350 abundaa¹
526 4281 653 4348 domini
690 4281 822 4350 abbatia
851 4301 953 4349 unam
983 4301 1093 4350 acram
1131 4283 1168 4348 in
1206 4283 1377 4371 Eallonga-

314 4387 425 4453 londa.
463 4386 572 4454 Juxta
592 4391 717 4452 lamam
731 4383 889 4451 willalmi
903 4384 1040 4452 Alward
1062 4385 1234 4453 dimidiam
1257 4407 1375 4455 aamm.

314 4489 429 4557 Juxta
462 4495 584 4557 parram
615 4488 758 4576 Agaihae
780 4487 958 4568 Allewara,
981 4488 1153 4557 dimidiam
1191 4509 1300 4558 auram
1339 4491 1375 4556 in

313 4597 354 4662 la
381 4591 572 4680 guadaldo.
617 4592 726 4658 Juxta
755 4597 875 4657 temam
904 4591 1040 4658 Hanriai
1071 4591 1245 4680 Wolwyne
1278 4593 1373 4659 dimi·

809 4818 819 4852 ¹
836 4815 889 4875 Sic.
