3578 5808
446 881 488 946 86
702 891 901 946 uuolsreou
928 889 1252 944 umuesauumusa.

445 1079 533 1145 idem
556 1079 658 1145 ebbae
689 1085 724 1145 et
757 1085 939 1146 conventus
973 1079 1060 1156 dare,
1084 1081 1226 1146 vendere
1249 1078 1303 1144 vel
1338 1078 1504 1166 assignare

447 1181 795 1267 voluerintquietum
828 1189 863 1248 et
894 1183 1049 1259 solutum,
1072 1183 1143 1248 sine
1178 1182 1290 1268 aliqua
1323 1179 1505 1248 contradic-

445 1285 537 1350 tione
559 1290 619 1348 aut
652 1284 883 1351 reclamatione
906 1286 981 1362 mei,
1004 1286 1058 1350 vel
1090 1285 1258 1362 heredum,
1281 1284 1335 1348 vel
1358 1283 1496 1370 assigna·

445 1393 555 1452 torum
577 1407 723 1452 meorum
746 1388 997 1474 imperpetuum.
1043 1388 1099 1452 Ita
1132 1387 1220 1473 quod
1254 1407 1314 1453 neo
1345 1408 1413 1472 ego,
1445 1407 1504 1450 nec

445 1487 566 1574 aliquis
602 1487 769 1564 heredum,
807 1489 862 1554 vel
899 1491 1142 1576 assignatorum
1184 1511 1340 1566 meorum,
1378 1487 1503 1573 aliquid

441 1590 527 1676 juris
549 1590 603 1655 vel
627 1590 736 1656 clamii
758 1591 795 1654 in
817 1591 975 1676 praedicto
997 1595 1196 1667 tenemento,
1219 1595 1280 1656 aut
1302 1591 1373 1676 ejus
1402 1589 1503 1675 pe1ti-

446 1693 577 1770 nentiis‚
598 1693 761 1780 possimus
784 1686 966 1770 vendicare,
981 1715 1043 1758 nec
1064 1693 1210 1778 aliquam
1233 1699 1355 1758 sectam
1378 1714 1398 1755 a
1420 1713 1503 1777 prae-

446 1795 544 1860 dictis
566 1795 686 1860 abbate
709 1799 743 1860 et
777 1799 951 1872 contentu,
975 1816 1035 1861 nec
1065 1794 1192 1880 aliquid
1214 1794 1304 1860 aliud
1329 1794 1503 1859 servicium

446 1896 489 1963 ab
524 1896 646 1962 eisdem
678 1897 732 1962 vel
764 1919 876 1962 eorum
907 1897 1145 1962 successoribus
1176 1897 1246 1960 eive
1269 1919 1290 1961 a
1313 1896 1502 1961 tenentibus

447 1997 488 2064 de
510 2005 581 2066 toto
597 1998 755 2085 praedicto
771 2005 959 2065 tenemento
982 2001 1225 2086 imperpetuum
1249 2001 1410 2084 possimus
1433 1999 1502 2062 exi-

446 2121 541 2188 gere:
564 2102 629 2165 nisi
653 2106 776 2168 sectam
799 2102 842 2167 ad
865 2103 989 2166 curiam
1013 2122 1120 2166 meam
1144 2100 1184 2166 de
1208 2099 1347 2166 Colerne
1371 2101 1422 2165 bis
1445 2121 1503 2185 per

446 2224 570 2268 annum
596 2207 738 2280 tentum,
761 2224 819 2288 per
841 2204 984 2288 aliquem
1007 2208 1213 2269 attornatum
1236 2203 1279 2268 ad
1310 2203 1501 2287 Hockeday,

445 2305 499 2370 vel
537 2305 580 2369 ed
617 2307 741 2371 curiam
779 2306 965 2390 proximam
1003 2311 1202 2391 sequentem,
1234 2309 1268 2369 et
1305 2305 1347 2370 ad
1382 2305 1502 2370 festum

446 2407 560 2473 Sancti
591 2407 749 2492 Mertyni‚
772 2408 827 2472 vel
849 2409 892 2472 ad
922 2408 1047 2473 curiam
1078 2409 1263 2493 proximam
1293 2413 1501 2493 sequentem:

434 2509 495 2603 ita
510 2509 599 2594 quod
620 2509 851 2574 rationabilem
882 2509 1028 2575 habeant
1059 2511 1356 2587 summonitionem,
1380 2515 1415 2575 et
1437 2509 1501 2574 nisi

447 2616 597 2676 tenentes
619 2611 852 2700 praedictorum
877 2612 1007 2677 abbatis
1031 2617 1065 2678 et
1080 2619 1261 2678 conventus
1285 2634 1344 2698 per
1366 2613 1501 2678 assisam

446 2715 591 2790 fractam,
615 2713 669 2778 vel
691 2735 750 2800 per
772 2714 911 2800 alicujus
934 2715 1108 2780 clamorem
1138 2715 1344 2801 deliquerint.
1395 2714 1502 2780 Salvis

446 2822 557 2882 tamen
588 2815 670 2881 mihi
702 2821 736 2881 et
765 2815 942 2882 heredibus
972 2819 1054 2883 meis
1084 2823 1228 2903 quatuor
1255 2818 1367 2884 solidis
1391 2817 1501 2884 decem

448 2917 591 2984 denariis
614 2923 649 2984 et
671 2916 773 2996 obolo,
797 2925 831 2983 et
847 2940 914 2983 una
928 2919 1015 2984 libra
1029 2921 1154 3004 cymini
1177 2921 1221 2986 ad
1242 2919 1364 2986 festum
1388 2919 1502 2986 Sancti

449 3019 621 3086 Michaelis
633 3045 642 3100 ;
680 3041 778 3106 quem
821 3021 956 3106 quidem
994 3021 1158 3087 redditum
1195 3023 1303 3088 dictus
1339 3023 1502 3088 Robertus

448 3122 531 3187 mihi
554 3123 727 3188 annuatim
750 3123 785 3187 in
809 3123 921 3188 eodem
937 3124 1078 3189 termino
1102 3123 1215 3190 Sancti
1239 3125 1409 3190 Michaelis
1432 3125 1501 3190 red·

447 3223 524 3289 dere
547 3224 718 3290 consuevit
752 3246 811 3310 pro
843 3230 914 3289 toto
945 3230 1134 3290 tenemento
1165 3227 1411 3312 praenominato.
1459 3227 1502 3290 Et

447 3321 539 3391 salvo
572 3326 655 3392 mihi
691 3331 726 3390 et
758 3326 934 3392 heredibus
965 3327 1047 3393 meis
1081 3327 1271 3394 rationabili
1302 3327 1428 3394 auxilio
1459 3329 1502 3394 ad

445 3429 700 3516 primogenitum
732 3428 837 3493 filium
872 3451 981 3495 meum
1013 3430 1152 3496 militem
1185 3430 1380 3507 faciendum,
1404 3431 1502 3496 etad

446 3529 699 3618 primogenitam
723 3531 825 3596 filiam
853 3553 960 3597 meam
992 3531 1220 3611 maritandam,
1244 3540 1406 3619 quantum
1430 3555 1501 3619 per-

446 3632 532 3698 tinet
554 3633 597 3698 ad
621 3637 753 3699 tautum
776 3640 1003 3700 tenementum
1020 3633 1059 3699 de
1083 3634 1196 3701 eodem
1212 3633 1305 3700 feodo
1328 3636 1365 3700 in
1388 3636 1501 3701 eadem

491 3837 535 3902 Et
558 3859 617 3925 ego
641 3833 807 3904 Walterus
830 3844 865 3904 et
896 3835 1030 3904 heredes
1064 3839 1130 3904 mei
1165 3844 1272 3905 totum
1307 3837 1500 3925 praedictum

444 3945 672 4006 tenementum
706 3962 781 4007 oum
816 3941 968 4007 omnibus
1002 3941 1249 4028 praenominatis
1281 3947 1316 4006 et
1349 3943 1501 4008 omnibus

446 4043 520 4108 eliis
544 4043 755 4130 pertinentiis
779 4044 855 4120 suis,
877 4043 1046 4129 praedictis
1069 4043 1184 4109 abbati
1206 4049 1241 4109 et
1264 4045 1450 4122 conventui,
1467 4051 1502 4108 et

445 4165 558 4210 eorum
581 4146 826 4221 successoribus,
851 4147 905 4210 vel
932 4145 1052 4230 quibus
1083 4145 1168 4210 illud
1198 4151 1433 4223 tenementum,
1466 4147 1501 4210 in

445 4253 516 4314 toto
535 4248 589 4312 vel
611 4249 648 4311 in
671 4253 773 4333 parte,
797 4247 882 4324 dare,
899 4248 1051 4324 vendere,
1067 4247 1120 4312 vel
1143 4250 1310 4336 assignare
1327 4247 1501 4324 voluerint,

444 4353 559 4414 contra
596 4371 708 4413 omnes
742 4349 896 4414 mortales
930 4350 1170 4435 imperpetuum
1194 4349 1500 4427 warantizabimm3

444 4452 542 4515 etde
577 4451 681 4527 sectis,
704 4451 1006 4527 consuetudinibus,
1029 4451 1184 4528 serviciis,
1207 4451 1437 4518 exactionibus
1467 4454 1502 4515 et

445 4547 625 4630 demendis,
650 4559 718 4619 tam
741 4553 905 4640 regalibus
940 4575 1038 4638 quam
1070 4554 1152 4632 aliis,
1176 4576 1234 4640 pro
1257 4553 1396 4620 servicio
1420 4576 1501 4639 prae·

445 4655 616 4721 nominato
639 4655 899 4741 acquietabimus
915 4662 950 4722 ot
965 4657 1186 4722 defendemus.
1226 4655 1288 4722 Pro
1304 4656 1366 4722 hac
1389 4655 1500 4723 autem

444 4758 656 4840 concessione,
673 4760 920 4826 confirmatione
943 4764 977 4825 et
1001 4760 1272 4826 warantizatione
1295 4782 1378 4838 mea,
1403 4759 1501 4826 dede-
