3578 5808
456 878 499 940 28
708 891 907 946 anemonen
932 893 1255 949 umunsnumnnsn

834 1133 914 1202 CAP.
946 1133 1129 1202 CLXVIII.

458 1299 660 1389 Compositio
690 1323 791 1388 copo·
820 1301 965 1370 memo
994 1323 1093 1389 oqooa
1130 1302 1277 1390 fluentis
1306 1303 1425 1372 oubtoo
1452 1303 1509 1372 ab·

783 1402 936 1472 totbimn
956 1402 998 1472 olo
1020 1403 1182 1492 Stoicae.

288 1560 444 1678 Agrffiment
502 1557 668 1624 Novetint
690 1557 837 1624 universi
859 1557 1115 1625 controversiam
1137 1557 1226 1624 inter
1254 1557 1447 1625 abbathiam
1468 1559 1510 1623 de

285 1632 408 1744 2⁰22&
457 1658 692 1726 Malmesburiu
714 1663 750 1724 et
771 1659 964 1726 abbathiam
988 1660 1029 1726 de
1060 1658 1217 1748 Stanlege
1249 1659 1376 1725 dudum
1410 1659 1511 1726 ausci-

286 1775 384 1813 course.
458 1767 564 1829 tetam
587 1765 621 1828 et
644 1761 702 1828 diu
724 1761 883 1840 habitam,
907 1783 1067 1830 consensu
1089 1767 1124 1829 et
1150 1762 1325 1830 voluntate
1350 1761 1509 1830 abbatum

458 1871 492 1932 et
514 1871 738 1933 conventuum
761 1864 932 1951 utriusque
955 1865 1072 1932 domus
1096 1865 1131 1930 in
1165 1865 1255 1932 hunc
1276 1865 1412 1931 modum
1434 1886 1509 1932 con·

458 1969 642 2055 quievisse;
664 1967 820 2033 videlicet
842 1968 931 2054 quod
953 1989 1028 2034 eum
1051 1969 1219 2035 eontentio
1242 1973 1327 2034 esset
1349 1968 1509 2034 intereos

458 2093 556 2158 super
579 2071 718 2136 decursu
745 2068 903 2148 fluminis,
925 2069 1062 2136 fluentis
1088 2069 1208 2136 subtus
1241 2069 1436 2136 abbathiam
1468 2068 1509 2133 de

458 2173 622 2260 Stanlege‚
645 2171 765 2238 abbate
788 2172 828 2237 de
857 2171 1091 2238 Malmeeburia
1121 2176 1325 2259 proponente
1357 2193 1392 2236 se
1425 2170 1509 2236 mul·

457 2289 530 2341 tum
553 2273 833 2361 damnificatum,
856 2295 894 2339 eo
918 2273 1006 2359 quod
1039 2273 1256 2342 monachide
1281 2273 1437 2359 Stenlege
1459 2271 1508 2338 di-

457 2378 636 2444 vertissent
658 2399 790 2446 cursum
825 2377 907 2443 dicti
939 2377 1089 2442 fluminis
1120 2377 1163 2444 ad
1195 2399 1293 2442 usum
1328 2375 1509 2442 molendini

457 2483 509 2547 aui
543 2480 697 2558 fuleratii,
720 2485 755 2546 et
789 2479 956 2546 exclusam
988 2479 1146 2546 fecissent
1176 2501 1219 2546 ex
1241 2476 1399 2565 obliquo1
1421 2479 1509 2565 piati

457 2584 516 2649 oui.
564 2583 689 2650 Contra
719 2580 839 2648 abbate
875 2582 917 2646 de
949 2580 1113 2668 Stanloge,
1136 2603 1195 2667 pro
1227 2587 1320 2667 parte
1352 2602 1413 2646 oua
1434 2601 1509 2648 con·

456 2690 613 2773 querente
636 2707 671 2750 ae
692 2705 828 2770 gravem
850 2683 1026 2750 incurrisse
1056 2684 1223 2770 jacturam
1237 2747 1240 2754 ,
1256 2705 1354 2771 super
1377 2683 1508 2750 exclusa

455 2789 586 2856 abbatis
608 2787 650 2852 de
673 2785 915 2869 Malmeabmia,
931 2792 1022 2852 recta
1043 2785 1151 2851 fronte
1174 2792 1290 2853 contra
1312 2791 1444 2872 pratum
1467 2785 1507 2850 de

456 2891 612 2978 stanlege
626 2889 670 2958 ab
684 2889 823 2977 antiquo
846 2895 962 2967 erecta,
979 2889 1026 2956 oio
1048 2889 1158 2975 sopita
1179 2895 1231 2955 est
1253 2890 1360 2955 omnia
1377 2888 1508 2976 querela

453 2999 488 3061 et
510 3015 579 3082 pax
600 2986 846 3079 imperpetuum
869 2993 1020 3058 fimiate:
1054 2991 1150 3072 Quod
1172 2991 1274 3058 abbae
1290 2992 1330 3058 de
1354 2991 1507 3056 Malmes·

454 3097 549 3164 buria
586 3096 686 3163 faciet
726 3095 905 3162 sectionem
943 3094 1110 3179 quendam
1150 3115 1210 3180 per
1240 3094 1388 3160 medium
1420 3093 1506 3179 prati

452 3199 583 3266 abbatie
606 3199 647 3262 de
680 3196 836 3284 Slanlege
868 3195 1057 3262 latitudinis
1091 3217 1123 3262 x.
1146 3201 1182 3261 et
1204 3196 1273 3262 viii.
1296 3195 1427 3281 pedum,
1448 3215 1506 3280 per
1554 3271 1557 3278 ι

453 3323 553 3388 quam
576 3321 662 3386 aqua
684 3299 853 3386 egrediens
877 3299 918 3364 de
941 3297 1076 3364 exclusa
1097 3299 1228 3364 obbat'n
1251 3298 1292 3364 de
1309 3298 1505 3364 Malmesbu-

453 3404 511 3483 rio,
534 3407 625 3470 recto
646 3402 735 3468 linea
767 3400 892 3466 defluat
922 3399 959 3464 in
990 3401 1122 3466 alveum
1145 3400 1227 3468 dieti
1250 3400 1406 3480 fluminis,
1430 3421 1504 3486 quae

452 3505 545 3591 prius
568 3524 627 3568 suo
659 3502 797 3570 circuitu
830 3501 1018 3568 molendino
1051 3501 1183 3568 obbatis
1207 3503 1248 3568 de
1272 3502 1506 3570 Malmeebmia

452 3629 552 3694 grave
588 3604 706 3671 intulit
741 3604 1023 3690 impedimentum.
1078 3604 1199 3670 Totum
1237 3605 1338 3672 etiam
1373 3611 1505 3692 pratum

452 3710 496 3774 ab
533 3706 679 3794 aquiloni
714 3711 807 3792 parte
838 3705 983 3791 ejusdem
1022 3705 1175 3772 sectionis
1207 3707 1302 3772 cedet
1333 3707 1370 3772 in
1392 3728 1504 3792 perpe-

453 3815 546 3876 tuam
570 3808 805 3895 possessionem
827 3807 958 3874 obbatis
981 3812 1016 3873 et
1038 3813 1219 3874 conventus
1243 3808 1284 3874 de
1307 3808 1504 3874 Malmeabu·

454 3913 510 3978 ria
569 3911 695 3978 Ceteris
718 3915 829 3976 autem
852 3909 1004 3974 omnibus
1028 3909 1063 3974 in
1086 3931 1165 3996 paee
1196 3909 1408 3976 manentibus
1430 3930 1506 3995 para

332 4095 335 4102 ¹
454 4018 594 4099 utraque
624 4016 739 4078 contra
768 4031 863 4096 oquae
886 4010 1047 4097 impetum
1070 4031 1139 4076 euae
1162 4010 1335 4096 provideat
1356 4010 1504 4096 indemp-

456 4117 565 4182 nitati.
612 4114 667 4180 Ite
698 4113 831 4199 quidem
866 4134 908 4178 ne
942 4113 1097 4179 monachi
1129 4113 1171 4177 de
1195 4112 1353 4200 stanlege
1376 4113 1503 4199 aliquid

455 4239 498 4282 ex
531 4220 624 4303 parte
658 4215 789 4300 gardini
821 4213 874 4278 aui
904 4213 1093 4291 moliantur,
1123 4214 1212 4300 quod
1249 4215 1292 4280 ad
1329 4235 1505 4282 nocumen-

453 4324 526 4384 tum
550 4317 638 4404 prati
664 4315 898 4383 monachorum
928 4315 969 4381 de
996 4309 1231 4383 Malmeaburia
1260 4316 1373 4398 cedat;
1399 4337 1504 4402 neque

425 4441 509 4508 ‘per
532 4422 692 4507 impetum
715 4441 810 4506 oquae
832 4418 972 4486 exclueoe
1007 4441 1082 4496 euae,
1106 4441 1165 4505 per
1197 4440 1295 4505 quem
1328 4420 1420 4506 priua
1443 4421 1504 4484 eis-

452 4528 527 4594 dem
549 4526 718 4593 monachis
741 4527 782 4591 de
806 4525 1039 4591 Malmesburia
1061 4526 1209 4592 nocitum
1241 4525 1315 4602 fuit,
1338 4526 1396 4591 aed
1418 4526 1504 4592 sicut

450 4651 510 4719 per
531 4629 644 4695 fideles
678 4627 827 4694 homines
861 4631 1008 4714 tempore
1031 4625 1169 4693 Walteii
1203 4633 1238 4693 et
1271 4627 1441 4717 Radulphi
1465 4629 1504 4694 de

941 4825 949 4857 ¹
968 4825 1019 4877 Sic.
