3526 5810
484 895 683 952 seorsueuu
706 897 1030 951 umuesnmunusn
1223 877 1288 955 277

230 1085 395 1152 missionis
417 1089 452 1152 ei
474 1085 596 1171 quietes
628 1087 815 1156 elementiae
845 1109 937 1170 mere,
960 1087 1022 1154 hoe
1045 1085 1204 1173 seriphum
1227 1084 1288 1150 eis·

230 1188 305 1254 dem
342 1187 457 1255 abbati
495 1193 530 1254 eb
568 1191 748 1257 conventui
781 1190 853 1270 feei,
888 1196 923 1256 et
956 1189 1040 1256 illud
1073 1189 1181 1277 sigillo
1215 1209 1288 1254 meo

227 1289 366 1377 signavi.
412 1289 497 1368 Hiis,
521 1295 580 1358 eie

542 1510 622 1578 ΟΔΡ.
647 1510 970 1578 CCCLXXXXVII.

365 1659 488 1746 Quieto
510 1660 703 1728 clementio
726 1660 885 1728 Jouoooe
908 1661 948 1730 de
970 1659 1151 1750 Hurdieye.

271 1788 387 1855 Sciant
420 1793 597 1876 praesenbes
636 1795 670 1855 et
707 1789 813 1854 futuri
851 1791 940 1876 quod
978 1811 1038 1876 ego
1066 1790 1208 1856 ⁴‹iniiene
1246 1787 1287 1854 de
1299 1791 1437 1855 Quituaim

226 1889 391 1977 nurnys,
425 1891 463 1956 sn
496 1891 578 1978 ligia
616 1890 782 1958 viduitate
819 1913 901 1970 mea,
933 1891 1072 1970 reeens,
1105 1890 1217 1958 remisi
1252 1861 1437 1978 eeffgssssw

226 1993 377 2078 quietum
409 1993 559 2072 demovi,
583 2014 643 2081 pro
675 2015 728 2059 me
761 1998 795 2058 ei
826 1992 1002 2060 heredibus
1035 1993 1125 2072 meis,
1152 1991 1416 2114 dominoruuffinin

226 2094 277 2162 w.
314 2095 767 2175 abendonensem,
798 2101 834 2162 er
867 2095 1015 2182 ejusdem
1047 2097 1112 2164 1001
1142 2117 1285 2164 eonven-
1298 2077 1346 2112 ⁰¹⁰
1397 2079 1437 2128 ⁵³·

224 2197 286 2278 tui,
309 2203 418 2266 totum
459 2199 516 2286 jus
549 2204 583 2265 et
617 2197 772 2266 elsmium
802 2198 892 2284 quod
929 2198 1042 2278 hebui,
1081 2200 1136 2266 vel
1174 2200 1286 2286 eliquo

224 2301 321 2368 modo
355 2301 476 2368 hebere
510 2301 613 2388 potui,
636 2301 674 2366 in
704 2301 763 2368 iile
796 2301 935 2368 dimidie
968 2322 1045 2370 nere
1078 2305 1113 2368 eb
1146 2302 1286 2368 dimidie

224 2405 349 2492 pertico
371 2411 469 2472 torre
499 2404 536 2470 in
558 2404 682 2491 oempis
705 2405 747 2470 de
770 2404 972 2493 Houlrugge.
1019 2405 1144 2472 Remisi
1183 2406 1284 2472 etiem

223 2507 347 2574 eisdem
368 2507 484 2576 abbati
507 2512 542 2572 ei
563 2507 744 2576 conventui
766 2513 802 2574 et
824 2529 938 2574 eorum
953 2507 1200 2587 suecessoribus,
1224 2531 1284 2594 pro

223 2631 275 2676 me
308 2615 342 2677 et
372 2609 549 2678 heredibus
580 2609 672 2688 meis,
694 2614 801 2676 totum
824 2631 1033 2678 communem
1056 2631 1157 2697 quem
1179 2610 1283 2676 hebui

223 2713 277 2780 vel
308 2712 429 2782 hebere
451 2712 608 2780 consuevi
629 2713 667 2777 in
689 2712 857 2798 praedietis
879 2714 1003 2799 eampis
1026 2712 1282 2800 deHoulrugge.

225 2815 279 2882 Its
309 2817 398 2904 quod
428 2837 490 2884 nee
523 2837 591 2903 ege,
614 2836 676 2884 neo
706 2815 827 2902 uliquis
858 2814 1017 2883 heredum
1048 2815 1101 2881 vel
1135 2815 1281 2902 assigno·

223 2923 332 2986 terrun
366 2941 522 2999 meorum,
545 2917 680 3004 aliquod
707 2918 764 3004 jus
794 2917 850 2984 vel
884 2918 1039 2986 domium
1062 2917 1116 2984 vel
1147 2919 1282 3005 aliquod

222 3021 406 3088 dominium
428 3023 466 3087 in
488 3022 648 3110 praedioie
669 3020 807 3086 dimidia
830 3042 907 3088 ecre
939 3027 974 3088 et
996 3020 1135 3088 dimidie.
1157 3022 1282 3109 pertice

222 3129 328 3203 iernae,
350 3125 405 3191 vel
427 3126 465 3189 in
486 3125 646 3210 preediete
668 3145 850 3202 commune,
874 3124 986 3210 aliquo
1009 3130 1156 3211 tempore
1186 3125 1281 3190 nobis

221 3229 353 3314 exigere
376 3227 430 3293 vel
454 3227 627 3294 vendicare
649 3227 812 3314 possimus
835 3228 1087 3314 imperpetuum.
1135 3227 1198 3292 Pro
1218 3225 1282 3293 hee

220 3337 334 3396 nubem
365 3330 554 3396 remissione
579 3331 640 3415 [ei]
665 3330 777 3416 quiete
802 3329 982 3396 clementie
1011 3350 1093 3408 mee,
1117 3329 1281 3395 dederunt

221 3433 305 3498 mihi
338 3433 490 3521 praedioti
527 3433 630 3500 ebbss
674 3439 709 3498 ei
746 3439 929 3500 eonventus
967 3453 1068 3498 uuum
1107 3431 1278 3498 dimidium

220 3557 330 3602 seram
353 3541 449 3602 terroe
472 3557 571 3624 super
589 3534 816 3602 Oruddeheme
832 3534 1014 3621 Portweye,
1032 3536 1135 3622 juxte
1156 3540 1278 3602 terrem

222 3637 382 3703 Wiilelmi
419 3637 450 3704 ie
489 3638 562 3716 uus,
600 3637 637 3702 in
674 3638 876 3704 escambium
914 3637 1083 3725 preediebee
1129 3637 1278 3706 dimidie

220 3761 305 3806 soree
337 3745 371 3806 eb
402 3739 549 3807 dimidire
583 3739 717 3828 perticae
749 3745 854 3806 berrue.
900 3739 942 3804 ln
979 3740 1072 3828 eujus
1104 3741 1151 3805 rei
1183 3742 1276 3806 tesbi—

220 3842 369 3906 monium
391 3841 453 3908 hoo
475 3841 634 3928 seriptum
657 3841 780 3908 eisdem
803 3841 917 3908 abbati
941 3847 975 3907 et
1001 3843 1181 3909 conventui
1203 3843 1283 3924 fecis

219 3951 255 4011 ei
276 3945 359 4010 iliud
382 3944 490 4034 sigilio
513 3967 585 4011 meo
608 3945 747 4032 signavi.
795 3945 879 4010 Hiis.

524 4176 602 4244 CAP.
627 4173 971 4244 CCCLXXXXVIII.

251 4327 373 4412 err'etu
395 4330 589 4398 elementia
611 4329 760 4397 Ricarde'
773 4329 852 4417 filii
874 4327 1023 4397 Riobrdi
1046 4326 1085 4394 de
1108 4329 1143 4395 io
1166 4329 1232 4396 Leo.

261 4485 377 4552 sciant
398 4491 577 4574 praesenies
600 4491 634 4552 ei
665 4486 770 4552 futuri
794 4485 883 4572 quod
905 4508 965 4572 ego
990 4485 1160 4565 Ricardus,
1183 4487 1272 4552 filius
1285 4501 1421 4563 Quitorrim

213 4588 382 4674 quendem
397 4589 532 4656 Ricerdi
554 4590 595 4655 de
617 4589 651 4654 ie
670 4589 743 4667 Lee,
759 4589 870 4654 remisi
893 4593 927 4654 et
949 4589 1098 4676 quietum
1122 4589 1271 4667 olemuvi,
1283 4569 1367 4701 {235⁰
1377 4637 1407 4687 of

214 4711 274 4776 pro
308 4711 361 4758 me
396 4695 431 4756 et
463 4690 648 4769 heredibus,
683 4696 718 4757 et
755 4690 856 4758 eiiam
893 4691 1084 4758 hominibus
1118 4692 1199 4758 meis
1230 4692 1271 4757 de
1284 4701 1405 4754 undans

211 4791 419 4872 Oherletone,
442 4793 515 4861 Deo
537 4799 573 4862 ei
606 4793 749 4862 ecolesiae
773 4793 863 4861 besti
885 4793 1031 4860 Aldelmi
1053 4795 1093 4860 de
1118 4793 1270 4862 Marmora
