3524 5808
432 891 497 956 322
687 905 890 954 srursrauu
914 904 1237 954 urrunseumnuss.

432 1088 489 1152 vii.
513 1086 673 1164 denarios,
705 1087 803 1152 etad
828 1088 993 1172 Hokeday
1018 1093 1084 1153 tres
1107 1087 1228 1154 solidos
1252 1093 1286 1155 et
1309 1089 1367 1152 vii.
1393 1088 1493 1154 dena·

434 1189 508 1268 rice,
532 1196 566 1254 et
588 1190 631 1252 ad
663 1188 783 1252 festum
808 1189 921 1254 Sancti
945 1189 966 1252 J
969 1189 1108 1254 ohannis
1140 1189 1301 1275 Baptistee
1325 1195 1392 1254 tres
1418 1189 1494 1255 soli·

435 1293 493 1356 dos
525 1299 560 1357 et
583 1293 637 1355 vii.
671 1291 820 1356 denarios
850 1300 885 1356 et
910 1291 1051 1368 obolum,
1073 1313 1133 1377 pro
1165 1293 1254 1356 omni
1285 1293 1422 1357 servicio
1456 1299 1492 1357 et

437 1395 614 1469 exactione,
639 1395 730 1458 selvo
753 1394 912 1459 forinseco
935 1394 1082 1469 servicio,
1105 1400 1267 1478 qnantum
1291 1395 1333 1459 ad
1357 1393 1494 1480 praedio-

437 1505 507 1562 tam
531 1499 694 1582 virgatam
719 1503 814 1560 terree
839 1502 873 1558 ct
895 1496 1120 1560 molendinum
1145 1497 1296 1580 pertinet.

773 1725 850 1789 Cur.
884 1723 1157 1789 CCCCXXXIX.

443 1878 547 1944 Curta
563 1877 660 1963 suctu
683 1875 843 1942 Jotauui
865 1876 1019 1942 vicario1
1043 1878 1152 1942 Bectcc
1171 1878 1295 1943 Merioe
1318 1879 1361 1944 r'u
1382 1879 1492 1944 chtc-

527 1987 607 2065 port
638 1979 678 2043 <le
710 1979 865 2044 dictrictio
887 2000 1006 2044 mearco
1032 1979 1140 2044 cidem
1167 1981 1323 2046 eoivcudu
1354 1981 1495 2047 comice

532 2079 675 2145 deeimae.

259 2251 404 2303 commuta
487 2233 660 2298 Universis
684 2230 809 2297 Christi
841 2231 993 2295 fidelibus
1024 2254 1167 2317 praesens
1195 2232 1350 2319 seriptum
1376 2234 1497 2298 visuris

261 2317 394 2436 {3022oe
404 2389 432 2432 ω
444 2335 496 2400 vel
521 2334 693 2411 audituris
709 2331 895 2398 Willelmus
911 2333 973 2397 Dei
991 2335 1098 2420 gretie
1121 2335 1222 2400 abbae
1246 2335 1496 2410 Malmesburiae,

263 2452 300 2502 st.
313 2451 409 2515 Mure
443 2444 478 2502 et
493 2437 638 2522 ejusdem
661 2436 724 2500 loci
747 2441 938 2511 conventus,
957 2435 1096 2500 salutem
1112 2444 1268 2502 aetemam
1293 2437 1329 2500 in
1346 2437 1495 2502 Domino.

263 2519 394 2580 Westport

262 2583 303 2634 for
313 2581 406 2633 eeruin
444 2539 586 2604 Noverit
623 2538 819 2602 universitas
842 2542 954 2602 vestra
988 2537 1074 2622 quod
1109 2559 1184 2601 cum
1207 2540 1320 2603 m'ean'i
1354 2539 1496 2604 ecclesiae

264 2651 362 2726 nosses¹
444 2641 557 2706 Beatae
580 2639 694 2704 Mariae
718 2639 758 2704 de
782 2639 1017 2704 Meimeeburie
1047 2660 1159 2704 omnes
1187 2641 1332 2704 minutas
1354 2639 1497 2704 decimas

262 2717 400 2832 pplplpgmg
444 2743 485 2808 de
519 2741 708 2806 hominibus
740 2740 780 2804 de
816 2739 1020 2816 Cherletone,
1044 2742 1189 2826 exeeptis
1223 2741 1333 2826 gerba,
1356 2742 1432 2807 feno
1463 2749 1498 2807 et

263 2850 352 2914 abbey.
444 2845 587 2920 heristis,
609 2863 737 2928 semper
759 2843 924 2928 percipere
948 2843 1185 2920 consueverint,
1208 2849 1242 2909 et
1263 2865 1323 2908 nos
1347 2844 1496 2929 quaedam

444 2949 642 3022 tenemente,
666 2944 706 3009 de
741 2945 862 3029 quibus
893 2943 1018 3010 hiidem
1042 2945 1155 3009 vicarii
1183 2947 1328 3010 minutas
1355 2947 1498 3012 decimas

445 3047 610 3134 percipere
642 3053 891 3122 consueverunt
923 3047 1019 3112 nobis
1042 3049 1379 3133 appropriaverimue:
1407 3049 1498 3114 vide·

446 3151 530 3228 licet,
563 3154 753 3215 tenementa
791 3170 865 3234 quae
900 3148 1033 3213 fuenmt
1064 3148 1207 3213 (ratfridi
1241 3150 1281 3214 de
1314 3149 1499 3227 Stonhulle,

447 3253 528 3318 Adee
564 3251 651 3329 Cole,
674 3249 832 3315 Willelmi
864 3249 954 3326 Pirk,
977 3249 1101 3315 Frarici
1125 3251 1165 3315 de
1189 3250 1356 3330 Diehford‚
1379 3253 1499 3338 Rogeri

447 3353 594 3439 leKing
628 3359 662 3418 et
685 3352 822 3418 Roberti
845 3352 886 3416 de
909 3351 1060 3428 Hamme,
1083 3351 1233 3418 nolentes
1256 3354 1345 3437 quod
1376 3355 1500 3420 vicaria

448 3457 546 3522 diotre
578 3454 720 3520 ecclesiae
754 3455 830 3539 jure
867 3473 927 3518 suo
965 3453 1185 3532 defraudetur,
1220 3476 1279 3519 nee
1317 3457 1405 3540 quod
1443 3477 1501 3542 per

449 3559 747 3645 appropriationem
782 3555 944 3620 dictonnn
968 3560 1231 3622 tenementorum
1253 3557 1362 3642 portio
1384 3558 1501 3622 vicarii

449 3661 630 3724 minoretur
653 3679 710 3723 eeu
734 3657 950 3722 deterioretur
962 3683 970 3736 ;
1004 3657 1044 3722 de
1077 3657 1212 3723 consilio
1238 3663 1273 3724 et
1295 3659 1501 3725 ordinatione

448 3763 595 3826 virorum
618 3759 818 3847 prudentum
850 3759 948 3824 etde
971 3780 1105 3824 assensu
1127 3765 1239 3826 nostro
1261 3765 1296 3826 et
1318 3767 1501 3827 conventus

450 3865 566 3938 nostri,
596 3883 723 3927 necnon
758 3867 792 3927 et
826 3861 952 3925 domini
984 3861 1147 3927 Johenn'rs
1178 3863 1218 3928 de
1253 3861 1388 3949 Coulye
1421 3870 1502 3930 tune

449 3967 574 4042 vioarii,
601 3964 773 4029 voluntate
812 3969 846 4028 et
877 3985 1036 4029 consensu
1070 3985 1231 4050 expresso,
1254 3971 1418 4031 ste-tutum
1442 3973 1501 4044 est,

452 4067 650 4146 ordinatum,
673 4071 707 4130 et
729 4066 908 4151 provisum,
932 4065 1021 4151 quod
1055 4065 1141 4130 idem
1164 4065 1333 4131 Johanncs
1360 4068 1502 4134 vicarius

452 4176 487 4235 et
508 4189 620 4234 omnes
653 4189 851 4234 successores
886 4169 937 4232 sui
960 4169 996 4232 in
1018 4169 1315 4253 compensationem
1339 4169 1502 4234 dictarum

452 4272 655 4335 minutarum
679 4269 878 4335 decimarum
902 4289 962 4354 pro
984 4269 1182 4334 tenementis
1208 4269 1375 4354 praedictis
1398 4292 1502 4356 usque

452 4373 496 4436 ad
530 4371 615 4436 diem
641 4371 743 4436 Marci
767 4371 1007 4456 Ewangelistae‚
1030 4371 1128 4436 Anno
1154 4370 1290 4435 Domini
1314 4389 1392 4438 Meo.
1414 4381 1505 4439 octo·

453 4475 576 4560 gesimo
608 4477 702 4537 sexto
733 4471 827 4536 nobis
859 4471 1086 4557 appropriatis,
1121 4491 1180 4536 sex
1211 4472 1332 4538 solidos
1366 4481 1400 4539 et
1431 4482 1506 4541 octo

454 4575 603 4640 denarios
619 4581 759 4650 tantum,
774 4575 816 4638 de
838 4574 962 4640 coeteris
984 4575 1131 4658 personis
1154 4579 1188 4640 et
1202 4574 1282 4642 locis
1304 4577 1340 4639 in
1363 4583 1507 4662 quatuor

453 4678 603 4743 terminis
625 4677 703 4740 anni
726 4677 814 4761 apud
831 4675 1025 4741 Cherletone
1049 4677 1232 4763 percipiant
1254 4679 1506 4763 imperpetuum.

814 4825 823 4858 ¹
835 4823 945 4890 vicario]
960 4823 1057 4884 vicarii,
1067 4825 1094 4874 in
1106 4825 1163 4876 MS.
