3578 5808
514 907 712 956 nsuisrsuu
736 904 1059 956 umunsnuamusn.
1271 885 1312 953 27

662 1174 741 1239 CAP.
768 1174 933 1239 CLXVII.

267 1325 317 1391 De
332 1325 411 1413 a'psu
444 1327 581 1412 uirgato
607 1335 703 1393 terrra
730 1349 879 1394 comessa
905 1327 1043 1392 Roberto
1078 1326 1150 1396 atio
1172 1325 1315 1411 liudulfi

667 1431 708 1496 de
730 1430 909 1496 Piakeaa'e.

307 1569 434 1634 Notum
457 1570 503 1634 sit
526 1571 678 1635 omnibus
701 1572 744 1636 ad
766 1593 848 1656 quos
871 1593 1014 1657 praesens
1047 1571 1206 1655 seriptum
1240 1591 1312 1655 per·
1327 1595 1415 1645 ofthe

261 1671 399 1747 venerit,
421 1671 510 1756 quod
541 1693 602 1757 ego
625 1672 675 1737 W.
698 1671 761 1736 Dei
795 1673 911 1759 gratia,
934 1672 1037 1738 abbas
1060 1671 1312 1748 Malmesburiae‚
1325 1677 1401 1712 same.

261 1782 296 1842 et
318 1776 464 1862 ejusdem
487 1776 550 1842 loci
573 1783 764 1854 conventus,
788 1777 940 1842 dedimus
972 1784 1007 1841 et
1038 1777 1256 1843 concessimus
1279 1783 1314 1841 et

260 1877 323 1943 hau
344 1878 500 1964 praesenti
522 1884 614 1943 carta
636 1879 904 1944 confirmavimus
927 1879 1073 1944 Roberto
1095 1878 1165 1943 filio
1188 1878 1312 1944 Radul-

261 1979 321 2064 phi
343 1979 383 2043 de
406 1979 549 2044 Pinkeni
573 1985 607 2045 et
630 1980 804 2046 heredibus
827 1981 904 2060 suis,
926 2002 985 2066 pro
1007 1981 1160 2067 homagio
1191 1989 1226 2046 et
1248 2003 1313 2046 ser-

261 2081 345 2144 vitio
376 2103 443 2159 suo,
468 2103 568 2146 unam
599 2083 763 2169 virgatam
799 2088 896 2148 terrae
932 2083 968 2147 in
1006 2083 1190 2160 Sorestone,
1213 2105 1313 2169 quam

261 2184 400 2248 emimus
422 2206 443 2248 a
475 2189 568 2269 patre
600 2185 672 2269 ejus
705 2207 765 2271 pro
797 2208 856 2250 sex
879 2185 996 2250 mareis
1029 2185 1167 2271 argenti,
1190 2185 1315 2251 scilieet

261 2283 352 2348 illam
375 2286 539 2370 virgatam
575 2291 670 2350 terrae
705 2308 804 2370 quam
829 2285 934 2350 Adam
968 2286 1009 2350 de
1033 2285 1173 2350 Gulerne
1204 2287 1315 2351 tenuit

262 2387 298 2449 in
320 2387 453 2473 eampis
476 2386 601 2452 seilicet
623 2388 659 2451 in
682 2410 748 2453 uno
771 2409 885 2473 eampo
909 2389 975 2452 xxi.
1000 2393 1169 2465 serumst
1191 2389 1227 2451 in
1249 2389 1314 2453 alio

262 2509 377 2574 eampo
400 2489 467 2553 xxi.
491 2511 610 2566 aeram,
636 2511 711 2554 oum
734 2490 902 2576 mesuagio
925 2490 1013 2575 quod
1038 2490 1241 2576 Aldewynus
1274 2490 1314 2556 de

263 2591 454 2677 Moggeford
477 2592 595 2667 tenuit,
619 2613 693 2656 oum
716 2593 820 2657 crofta
836 2614 911 2677 quae
933 2593 999 2657 situ
1021 2599 1072 2657 est
1094 2599 1173 2658 ante
1196 2593 1240 2657 ad
1262 2614 1314 2658 oo-

262 2693 435 2770 oidentem,
458 2699 493 2758 et
516 2700 637 2758 temam
662 2716 735 2778 quae
759 2696 824 2758 sita
845 2700 897 2758 est
919 2717 1033 2759 versus
1056 2695 1216 2760 orientem
1239 2715 1314 2780 quae

262 2800 312 2860 est
343 2795 484 2859 duarum
517 2817 675 2873 aerarum,
706 2797 795 2862 inter
831 2818 949 2882 aquam
983 2804 1019 2863 et
1050 2797 1202 2862 semitam
1239 2819 1314 2882 quae

263 2895 383 2960 dividit
405 2896 606 2963 dominicum
622 2898 665 2962 ab
680 2897 738 2962 illa
752 2903 863 2978 terra;
887 2899 1063 2964 tenendam
1079 2905 1113 2963 et
1127 2897 1312 2963 habendam

263 2998 364 3063 libere
387 3005 422 3064 et
444 3000 564 3084 quiete,
587 3007 622 3064 et
644 2999 830 3076 honorifice,
853 3000 889 3066 in
912 3000 1025 3086 pratis,
1048 2999 1084 3064 in
1116 3000 1253 3086 pascuis,
1277 3001 1314 3064 in

262 3102 364 3188 aquis,
388 3103 423 3166 in
446 3102 650 3180 molendinis,
674 3104 710 3167 in
733 3103 805 3180 viis,
828 3104 864 3167 in
887 3103 1021 3182 semitis,
1045 3108 1080 3168 et
1103 3105 1139 3166 in
1161 3103 1313 3167 omnibus

264 3205 304 3270 ad
328 3205 466 3270 eandem
481 3211 603 3270 terram
627 3206 879 3291 pertinentibus,
902 3212 937 3270 et
958 3207 1154 3292 praedictum
1187 3228 1313 3270 mesua-

262 3309 372 3394 gium:
406 3308 571 3373 reddendo
598 3309 675 3372 inde
709 3309 882 3374 annuatim
914 3309 985 3375 Deo
1019 3315 1054 3374 et
1086 3309 1209 3374 Sancto
1231 3309 1314 3373 Ald-

264 3411 373 3476 helmo
396 3421 430 3474 et
452 3409 596 3476 eeclesiae
612 3410 653 3474 de
670 3411 904 3477 Malmesburia
926 3433 1026 3476 unam
1049 3411 1168 3477 libram
1191 3413 1314 3497 piperis

262 3513 307 3576 ad
328 3513 493 3577 nundinas
516 3513 606 3576 beati
629 3511 806 3590 Aldhelmi,
829 3536 888 3600 pro
911 3515 1001 3579 omni
1023 3514 1159 3580 servitio
1182 3520 1217 3578 et
1238 3536 1313 3579 oon·

263 3614 438 3678 suetudine
462 3615 608 3680 seculari.
656 3613 693 3678 Si
707 3621 819 3680 autem
836 3615 1011 3701 contigerit
1026 3615 1114 3701 quod
1137 3616 1314 3702 praedictus

263 3716 428 3782 Robertus
450 3717 520 3781 sine
543 3722 631 3782 reato
654 3715 773 3782 herede
796 3717 836 3782 de
859 3740 991 3803 corpore
1013 3739 1072 3782 suo
1096 3718 1137 3782 de
1160 3717 1221 3784 hae
1244 3719 1314 3783 vita

263 3818 455 3896 discederet,
485 3819 543 3883 alii
581 3818 725 3896 heredes,
749 3819 790 3883 de
821 3820 1015 3905 cognatione
1049 3840 1110 3885 sua
1133 3821 1313 3898 venientes,

264 3921 410 4006 quinque
443 3919 564 3985 solidos
595 3921 691 3986 nobis
724 3922 898 3986 annuatim
933 3923 1130 4009 persolvent,
1156 3923 1200 3988 ad
1231 3923 1313 3989 duos

262 4022 433 4098 terminos,
456 4021 589 4097 scilieet,
612 4021 655 4087 ad
685 4022 807 4087 festum
833 4023 922 4088 beati
944 4024 1113 4089 Aldhelmi
1137 4045 1216 4089 xxx.
1240 4024 1310 4090 den.
1325 4053 1345 4103 f.
1359 4059 1414 4105 133,

262 4125 362 4188 etad
385 4124 507 4188 festum
539 4124 628 4190 beati
651 4125 793 4190 Andreae
828 4148 906 4190 xxx.
938 4129 1009 4193 den.
1034 4149 1094 4213 pro
1126 4129 1215 4192 omni
1249 4150 1313 4193 ser-

263 4225 356 4300 vitio,
379 4226 472 4290 salvo
493 4225 595 4312 regali
618 4225 761 4292 servitio.
810 4227 854 4292 Et
876 4234 916 4292 ut
949 4229 1021 4295 haec
1043 4235 1157 4294 nostra
1179 4228 1314 4295 donatio

263 4335 337 4393 rata
373 4333 408 4392 et
438 4327 630 4394 inconeussa
668 4339 860 4415 permaneat
893 4332 1016 4418 scripto
1050 4333 1206 4418 praesenti
1240 4354 1314 4397 cum

264 4430 366 4516 sigilli
388 4431 494 4496 nostri
509 4431 714 4518 appositione
730 4455 802 4498 eam
818 4435 1093 4500 confirmavimus.
1133 4435 1238 4512 Teste,
1254 4442 1312 4502 etc.
