3526 5810
440 867 505 934 266
695 882 893 933 nncrsrnuu
918 883 1239 934 uncurssunrnrsu.

269 1081 381 1135 66666.
438 1066 583 1133 habeant
611 1073 646 1133 et
667 1072 805 1134 teneant
834 1067 968 1153 pacifice
1000 1069 1245 1156 imperpetuum
1274 1075 1364 1136 totas
1387 1075 1492 1136 terras

437 1169 526 1254 ipsos
547 1171 702 1236 abbatem
725 1175 759 1236 et
781 1175 982 1237 conventum
1004 1171 1233 1258 contingentes
1260 1172 1297 1236 in
1319 1172 1355 1238 lu
1377 1171 1493 1238 Reun-

438 1294 543 1338 rnersa
565 1274 602 1338 in
624 1279 719 1360 parte
734 1274 874 1340 australi
889 1274 931 1339 da
946 1273 982 1340 lo
1004 1273 1197 1360 Homorofle
1216 1259 1257 1340 de
1272 1274 1494 1350 Fouleswike,

438 1382 473 1441 et
495 1375 584 1462 ipses
606 1381 711 1441 terras
733 1374 901 1454 claudant,
921 1382 956 1441 et
978 1375 1015 1440 in
1030 1375 1164 1442 defenso
1187 1381 1332 1454 teneant,
1347 1397 1490 1442 unacum

437 1477 496 1543 illa
517 1476 650 1544 brachia
673 1497 747 1562 quae
770 1477 836 1542 fuit
859 1477 975 1542 Aliciae
1007 1475 1040 1542 la
1070 1476 1231 1542 Paumere
1258 1478 1299 1542 de
1322 1477 1492 1554 Alintone,

436 1601 511 1646 cum
534 1579 688 1644 omnibus
711 1580 885 1645 dominicis
916 1580 1013 1645 terris
1043 1580 1281 1666 praedictorum
1303 1581 1434 1646 abbatis
1458 1586 1493 1645 et

436 1687 618 1748 conventus
641 1682 747 1748 eidem
770 1681 911 1748 brechiae
934 1681 1172 1768 adjacentibus,
1187 1682 1231 1748 ab
1252 1681 1375 1768 angulo
1397 1682 1491 1767 aqui-

437 1783 678 1872 lonariJcroftee
701 1784 742 1849 de
765 1783 984 1862 Fouleswike,
1007 1805 1083 1868 quae
1109 1785 1298 1871 appellatur
1321 1783 1350 1850 le
1372 1783 1490 1862 Iohel,

437 1886 560 1952 directe
587 1907 690 1972 usque
720 1885 763 1950 ad
793 1886 961 1972 spinetum
992 1886 1033 1951 de
1057 1885 1205 1966 dattone,
1229 1908 1297 1952 una
1319 1906 1394 1951 cum
1425 1887 1491 1951 illis

439 1989 545 2053 tribus
568 1990 652 2055 aeris
667 1994 764 2054 terrae
787 1995 821 2054 et
843 1988 1040 2054 dimidiaad
1062 1994 1193 2074 portam
1216 1988 1258 2054 da
1281 1988 1491 2055 Fouleswike

439 2089 588 2177 superte
611 2090 757 2157 soom
815 2090 870 2156 Ita
892 2096 1007 2156 tamen
1029 2091 1118 2176 quod
1141 2113 1209 2178 prae
1233 2090 1364 2157 defectu
1387 2091 1492 2156 eleus-

439 2199 523 2259 trnse
544 2193 582 2257 in
598 2194 762 2279 proedictis
784 2195 882 2260 terris
905 2194 1013 2272 factae,
1028 2195 1143 2261 averia
1163 2215 1238 2260 mea
1255 2194 1309 2259 vel
1332 2195 1491 2261 heredum

439 2317 585 2361 meorum
619 2318 718 2382 super
742 2296 918 2384 praedictas
955 2302 1060 2362 terras
1093 2297 1233 2362 inventa
1265 2318 1334 2362 non
1364 2298 1492 2384 possint

437 2399 634 2486 imparkare‚
658 2405 719 2466 aut
741 2421 801 2486 pro
823 2400 945 2466 averiis
968 2400 1166 2485 imparkatis
1196 2400 1351 2466 emendas
1373 2422 1488 2486 capere

439 2505 492 2570 vel
527 2502 666 2588 exigere.
729 2503 773 2568 Et
807 2504 844 2567 in
878 2502 1108 2568 testimonium
1143 2501 1243 2589 hujus
1276 2503 1492 2569 concessionis

439 2629 528 2684 meae,
551 2608 613 2672 hoc
635 2606 795 2692 scriptum
828 2605 935 2670 eidem
958 2606 1072 2670 abbati
1104 2611 1139 2672 et
1161 2607 1340 2672 conventui
1363 2607 1433 2684 feci,
1457 2617 1492 2672 et

437 2711 522 2776 illud
545 2710 654 2798 sigillo
677 2731 750 2775 meo
773 2709 911 2796 signavi.
958 2708 1035 2772 Hiis
1057 2708 1208 2786 testibus,
1232 2713 1292 2774 etc.

778 2948 856 3014 ΟΔΡ.
882 2946 1153 3013 CCCLXXXVI.

708 3095 811 3161 Oerrto
833 3093 959 3179 Rogcri
987 3091 1027 3158 de
1049 3092 1220 3161 Eoesltcm.

269 3248 415 3301 Lieeneeto
484 3247 658 3316 Universis
683 3242 809 3310 Christi
831 3239 986 3306 fidelibus
1009 3261 1153 3326 praesans
1187 3243 1347 3330 scriptum
1370 3245 1491 3312 visuris

269 3316 409 3434 {ihm
439 3353 491 3418 vel
514 3349 688 3427 audituris,
721 3346 869 3432 Reganus
904 3343 945 3407 de
979 3343 1143 3409 Evesham
1175 3345 1320 3425 clericus,
1351 3347 1491 3414 salutem

268 3448 365 3498 Μὴ]
437 3461 599 3522 aeternam
621 3452 658 3517 in
680 3449 835 3516 Domino.
882 3444 1027 3510 Noverit
1060 3447 1261 3514 universitas
1295 3453 1407 3515 vestra
1440 3472 1491 3516 mc

269 3531 294 3629 rh
325 3532 380 3630 new·
437 3556 641 3632 concessisse,
664 3574 723 3639 pro
746 3573 800 3617 me
823 3553 858 3614 et
881 3567 940 3632 pro
956 3546 1134 3614 heredibus
1149 3555 1183 3615 et
1202 3550 1379 3636 assignatis
1402 3553 1491 3630 meis,

439 3659 572 3724 domino
595 3654 762 3720 Willelmo
784 3649 899 3716 abbati
916 3647 1170 3728 Malmesburiae,
1193 3656 1228 3715 et
1251 3653 1398 3738 ejusdem
1431 3655 1491 3720 loci

436 3759 626 3836 conventui,
649 3757 737 3844 quod
761 3755 824 3840 ipsi
847 3750 995 3814 habeant
1025 3758 1059 3816 et
1091 3758 1228 3818 teneant
1263 3755 1397 3840 pacifice
1432 3758 1491 3820 im-

437 3869 642 3952 perpetuum,
677 3865 765 3925 totas
800 3861 903 3920 terras
926 3853 1015 3938 ipsos
1037 3854 1193 3921 abbatem
1225 3861 1260 3921 et
1291 3866 1490 3924 conventum

436 3966 668 4052 contingentes
698 3962 734 4026 in
774 3959 810 4024 la
843 3955 1047 4022 Rowenterse
1081 3957 1116 4020 in
1150 3961 1246 4042 parte
1283 3959 1424 4024 australi
1458 3966 1491 4026 et

437 4067 592 4136 orientali
616 4066 657 4130 de
681 4064 716 4129 lo
742 4059 948 4148 Groserofte¹
973 4061 1013 4126 de
1036 4057 1282 4138 Foweleswike,
1312 4081 1380 4127 una
1417 4084 1490 4128 curn

435 4174 535 4258 longa
569 4166 703 4233 brechia
734 4186 809 4250 quae
833 4187 867 4229 se
890 4164 1087 4230 extendite
1111 4165 1217 4226 strata
1250 4162 1384 4248 publica
1417 4187 1491 4250 qnae

435 4273 622 4361 appellatur
644 4268 860 4352 Bathieweye
892 4267 1024 4343 directe,
1060 4285 1164 4349 usque
1195 4263 1238 4328 ad
1272 4263 1392 4331 silvam
1427 4267 1491 4334 Ro-

437 4379 524 4442 barti
556 4371 687 4449 Kainel,
725 4373 813 4436 inter
849 4369 1018 4436 brechiam
1053 4365 1212 4432 Willelmi
1247 4365 1422 4434 Leofstone
1455 4377 1490 4436 et

439 4477 604 4546 Johannis
626 4476 657 4541 16
682 4474 774 4561 King
796 4475 832 4538 in
854 4479 949 4560 parte
971 4471 1121 4549 australi,
1145 4476 1179 4536 et
1201 4469 1323 4537 croftas
1347 4471 1428 4538 Evae
1449 4475 1490 4540 de

438 4584 471 4648 la
493 4583 599 4647 Mense
623 4579 659 4644 in
681 4581 776 4664 parte
799 4577 1007 4662 aquilonari;
1031 4580 1066 4641 et
1089 4575 1176 4660 ipsas
1207 4578 1311 4639 terres
1334 4573 1492 4642 claudant

923 4786 930 4816 ¹
952 4786 1001 4836 Sic.
