3578 5808
418 839 461 908 78
672 856 870 906 nnorsrnuu
893 856 1215 908 nlunassuarsusn

418 1066 557 1131 quorum
581 1045 808 1110 testimonium
831 1046 987 1132 praesenti
1010 1045 1132 1131 scripto
1163 1047 1292 1132 patenti
1323 1046 1468 1133 sigillum

417 1150 567 1212 nostrum
601 1148 822 1234 apposuimus,
855 1147 972 1234 sigillis
1007 1148 1238 1235 praedictorum
1274 1148 1405 1214 abbatis
1436 1154 1470 1213 et

418 1254 599 1314 conventus
623 1249 865 1331 Malmesburiae
888 1247 1026 1314 harum¹
1047 1250 1148 1314 etiam
1164 1251 1308 1334 partium
1332 1251 1469 1316 nichilo-

418 1351 528 1416 minus
550 1351 628 1418 huie
650 1353 773 1437 scripto
795 1351 956 1438 bipartito
978 1350 1168 1417 alternatim
1191 1353 1352 1438 appensis.

808 1588 886 1654 (lan
912 1587 1079 1654 CCXXII.

299 1731 303 1738 '
417 1727 465 1794 De
495 1727 601 1814 officio
625 1728 788 1815 sariendo
811 1729 854 1794 in
876 1729 1009 1796 ocrim
1032 1729 1169 1796 Piltone
1192 1750 1256 1816 par
1278 1729 1471 1816 wisoopwm

887 1832 994 1898 Eleon.

251 1978 291 2028 οη
304 1977 347 2026 the
464 1958 545 2024 Haec
574 1963 626 2024 est
655 1960 847 2045 compositio
878 1959 975 2025 realis
1004 1969 1037 2024 et
1063 1965 1222 2046 perpetua
1244 1981 1331 2027 anno
1354 1961 1469 2046 gratiae

248 2044 385 2162 diliciis
417 2080 497 2128 nec.
522 2062 724 2146 sexagesimo
756 2063 870 2147 primo,
903 2063 945 2126 xi.
977 2062 1129 2128 kalendis
1162 2063 1251 2140 ltlaii,
1274 2063 1362 2128 faeta
1383 2063 1471 2127 inter

417 2163 600 2230 Walterum
633 2164 831 2248 episcopum,
854 2164 1013 2229 decanum
1045 2169 1079 2228 et
1105 2164 1286 2250 capitulum
1309 2185 1348 2228 ao
1371 2163 1470 2229 eoele-

417 2266 499 2331 siam
526 2265 640 2343 Exon,
663 2288 704 2330 ex
737 2271 830 2350 parte
861 2287 936 2342 nna,
964 2271 998 2330 et
1020 2265 1222 2330 Willelmum
1253 2266 1406 2331 abbatem
1437 2271 1471 2330 et

417 2373 616 2434 conventum
643 2389 681 2434 ac
705 2369 940 2432 monasterium
964 2367 1212 2444 Malmesburiae,
1238 2368 1471 2433 Sarresbirien-

418 2471 461 2534 sis
485 2469 643 2546 dioecesis
666 2491 707 2534 ex
742 2469 864 2534 altera:
888 2469 1042 2534 videlieet
1066 2491 1141 2534 cum
1164 2471 1252 2534 inter
1273 2471 1470 2556 episcopum,

418 2573 586 2648 decanum,
617 2571 807 2657 capitulum,
830 2571 1005 2649 ecclesiam,
1029 2571 1193 2649 abbatem,
1216 2577 1414 2637 conventum
1438 2579 1472 2638 et

417 2675 651 2738 monasterium
683 2675 848 2759 praedicta,
872 2695 969 2760 super
996 2674 1071 2759 jure
1095 2679 1129 2740 et
1152 2676 1351 2760 possessione
1374 2675 1470 2740 oflicii

418 2777 619 2841 visitationis
652 2778 728 2861 jure
763 2777 920 2841 ordinarii
955 2776 1127 2841 exercendi
1161 2779 1197 2840 in
1236 2776 1318 2842 cella
1359 2779 1471 2843 Beatae

418 2879 531 2944 Mariae
547 2879 587 2942 de
604 2878 744 2955 Piltone,
760 2878 863 2944 Exon.
882 2879 1038 2954 dioecesis,
1060 2879 1102 2943 ad
1125 2879 1318 2964 praedictum
1343 2900 1470 2944 monas

417 2982 537 3046 terium
570 2981 811 3047 Malmesburiae
845 2981 1041 3066 pertinente,
1064 3001 1190 3046 necnon
1221 2987 1254 3046 et
1282 2982 1350 3066 [de]
1374 2983 1470 3047 modo

418 3083 615 3147 instituendi
650 3089 682 3147 et
720 3083 922 3148 destituendi
945 3085 1070 3168 priores
1101 3103 1158 3148 seu
1188 3083 1470 3149 administratores

418 3186 454 3249 in
485 3185 566 3250 cella
600 3190 779 3249 memorata
814 3185 949 3249 suborta
982 3190 1068 3250 esset
1105 3186 1243 3249 materia
1269 3186 1470 3271 quaestionis,

418 3288 552 3352 tandem
575 3288 663 3352 inter
684 3293 795 3372 partes
825 3288 921 3372 ipsas,
944 3287 985 3352 de
1006 3287 1115 3352 litium
1138 3287 1294 3370 fluctibus
1316 3286 1359 3353 ed
1382 3290 1471 3374 pacis

418 3393 562 3475 quietem
595 3391 734 3454 transire
762 3389 918 3466 volentes,
952 3391 1091 3474 quaestio
1125 3390 1284 3476 praedicta
1317 3390 1353 3454 in
1382 3390 1470 3456 hunc

417 3491 552 3557 modurn
586 3490 720 3556 realiter
745 3492 957 3576 conquievit:
987 3491 1141 3556 videlieet
1172 3491 1260 3577 quod
1294 3492 1470 3578 praedictus

419 3594 589 3680 episeopus
612 3598 647 3658 et
669 3613 867 3658 successores
888 3594 940 3656 sui
962 3599 1036 3678 post
1060 3594 1177 3680 ipsum,
1200 3595 1332 3659 nomine
1355 3616 1413 3659 suo
1437 3602 1471 3660 et

419 3695 562 3760 ecelesiae
579 3695 692 3772 Exon,
709 3695 823 3760 cellam
847 3695 1039 3781 praedictam
1058 3695 1187 3760 Piltone
1206 3695 1281 3780 jure
1306 3695 1470 3762 ordinario

419 3799 490 3862 sine
514 3797 744 3864 reclamatione
768 3799 809 3862 de
836 3804 954 3862 caetero
977 3798 1170 3874 visitabunt
1196 3804 1230 3862 et
1252 3820 1326 3883 quse
1349 3819 1469 3865 correc-

420 3900 509 3964 tione
525 3899 732 3986 indigebunt‚
749 3901 783 3963 in
808 3899 905 3964 rebus
928 3904 962 3964 et
985 3901 1131 3985 personis
1147 3900 1300 3965 canonice
1316 3902 1470 3967 reforma·

418 4002 523 4076 bunt3
555 4001 617 4065 hoc
651 4002 801 4066 adhibito
824 4001 1055 4078 moderamine,
1079 4002 1121 4065 ad
1156 4023 1335 4087 gravamen
1361 4025 1471 4090 sump-

419 4111 515 4169 tuum
547 4103 746 4178 monasterii‚
771 4108 804 4166 et
836 4102 925 4168 oellae
956 4103 1130 4187 praedictae,
1154 4103 1329 4168 vitandum
1352 4105 1387 4168 in
1411 4105 1472 4171 hac

418 4211 520 4290 parte,
545 4203 633 4289 quod
657 4203 801 4288 ejusdem
825 4202 885 4268 loci
913 4204 1036 4288 priores
1060 4205 1148 4269 dicto
1171 4205 1322 4291 episeopo
1344 4213 1378 4272 et
1401 4209 1471 4293 ejus

420 4307 667 4382 suecessoribus
699 4306 831 4369 nomine
862 4306 1039 4390 cujuslibet
1068 4307 1307 4392 procurationis
1344 4311 1471 4375 ratione

418 4408 619 4472 visitationis
646 4405 767 4471 debitae
799 4429 857 4472 seu
891 4408 1056 4486 debendae,
1080 4409 1202 4495 viginti
1233 4410 1353 4475 solidos
1377 4411 1471 4476 dum-

419 4516 516 4575 taxat
558 4510 758 4595 impendant.
806 4509 939 4575 Praefati
966 4511 1078 4596 itaque
1100 4511 1202 4578 abbas
1234 4517 1269 4577 et
1290 4520 1472 4579 conventus

420 4611 662 4677 Malmesburiee
696 4619 730 4677 et
764 4633 876 4677 eorum
908 4633 1105 4678 successores
1139 4614 1221 4680 cella
1251 4613 1380 4681 Piltone
1413 4638 1472 4702 per

421 4744 593 4754 ...m—.—

852 4794 861 4830 ¹
878 4793 931 4859 ha,
941 4791 968 4842 in
980 4793 1037 4852 Me.
