3524 5808
657 887 838 938 srrsnmx
861 889 896 938 11.
1230 881 1309 944 ‘401

253 1069 363 1144 terest,
387 1072 500 1133 tenore
544 1067 758 1155 praesentium
780 1067 1013 1156 significemus.
1060 1070 1102 1136 In
1136 1069 1229 1155 cujus
1263 1071 1308 1136 rei

253 1169 490 1254 testimonium,
514 1177 574 1240 ete.

298 1386 492 1454 Reverendo
515 1387 648 1455 domino
671 1409 730 1454 suo
754 1387 888 1453 domino
916 1387 1087 1468 Edwardo,
1111 1387 1174 1454 Dei
1198 1383 1336 1476 gratias·
1352 1389 1374 1436 ¹·

253 1491 321 1576 regi
343 1491 474 1577 Angliae
502 1490 631 1568 mussa
656 1491 789 1556 comino
821 1489 1002 1570 Hibernia,
1026 1497 1060 1556 et
1092 1491 1168 1558 duci
1201 1493 1304 1578 Aqui·
1318 1475 1432 1594 {gemm

252 1587 525 1672 taniae,devoti1s
556 1593 743 1680 capellanus
775 1615 863 1672 suus,
886 1593 989 1660 frater
1022 1593 1217 1674 willelmus,
1254 1617 1305 1661 ec·
1318 1622 1425 1685 cieuses

252 1697 358 1762 cassa
392 1697 694 1764 Msmessunenss
726 1696 879 1762 massar
912 1696 1056 1777 humilis,
1080 1697 1202 1763 cavoa
1234 1719 1301 1762 ora·
1318 1675 1475 1794 *gssffifefssg

251 1798 380 1866 tionum
403 1800 560 1886 suffragia
583 1821 656 1865 cum
681 1798 787 1864 salute
822 1799 986 1864 continua
1033 1799 1086 1864 Ad
1110 1802 1304 1866 mandatum
1318 1808 1362 1874 ing
1373 1812 1465 1872 parlia-

251 1907 406 1980 vestrum,
431 1903 537 1988 primo
561 1901 613 1966 die
640 1900 762 1968 mensis
785 1901 930 1988 Augusti
962 1923 1070 1967 coram
1102 1903 1196 1968 vobis
1221 1881 1456 1994 LOUiillts'lmd

251 2005 325 2072 don'
360 2005 500 2072 firmiter
521 2026 706 2092 comparere
729 2005 892 2090 proposui,
914 2005 971 2070 sed
1004 2004 1157 2072 debilitas
1192 2019 1424 2092 corpo-proeor-

250 2111 295 2177 ris
321 2110 525 2198 propositum
547 2131 665 2186 meum,
689 2109 785 2174 novit
804 2107 903 2186 Deus,
927 2108 970 2174 ad
993 2130 1136 2195 praesens
1167 2111 1302 2196 exsequi
1318 2077 1447 2208 &mm

250 2235 317 2280 non
340 2212 514 2298 permittit.
561 2211 606 2278 Et
628 2233 670 2276 ne
693 2210 845 2277 absentia
867 2231 940 2276 mea
971 2212 1175 2298 contemptui
1200 2213 1304 2298 possit

250 2313 417 2401 imputari,
448 2314 546 2380 mitto
573 2313 615 2379 ad
646 2317 792 2378 vestram
826 2312 1056 2378 excellentiam
1090 2314 1303 2378 reverendam

249 2418 443 2506 magistrum
482 2416 695 2482 Edmundum
735 2413 853 2494 Galun,
888 2414 1049 2493 clericum,
1089 2417 1302 2502 praesentium

250 2519 478 2596 exhibitorem,
502 2518 545 2584 ad
567 2517 801 2604 impotenciam
824 2539 932 2584 meam
964 2539 1072 2604 coram
1108 2519 1201 2584 vobis
1234 2519 1300 2604 ple-

248 2624 323 2689 nius
357 2620 602 2702 excusandum
624 2625 741 2686 ¹ratum
778 2620 866 2685 enim
906 2619 1055 2686 habituri
1096 2625 1131 2686 et
1169 2621 1301 2685 firmum

249 2723 406 2812 quioquid
429 2722 624 2790 excellentia
646 2726 758 2790 vestra
780 2721 947 2809 praedictis
971 2723 1023 2790 die
1055 2727 1089 2788 et
1122 2723 1193 2790 loeo
1216 2724 1301 2789 dux-

248 2828 313 2897 erit
334 2825 584 2914 providendum,
608 2824 830 2892 ordinandum
854 2829 888 2890 et
910 2825 1134 2892 statuendum.
1180 2824 1301 2894 Valeat

247 2928 442 3000 excellentia
464 2933 575 2996 vestra
597 2949 725 3015 semper
747 2927 784 2994 in
805 2926 958 2994 Domino.

292 3152 495 3222 veneranda
519 3151 725 3220 discretionis
748 3150 822 3218 viro
844 3154 879 3215 et
901 3149 1007 3216 amico
1034 3170 1102 3230 suo,
1130 3151 1159 3216 si
1181 3149 1298 3238 placet,
1311 3159 1331 3210 f.
1346 3163 1384 3211 19.

246 3255 487 3341 specialissimo,
512 3255 645 3322 domino
669 3253 720 3320 W.
743 3254 784 3320 de
808 3252 938 3331 Seham,
962 3252 1088 3318 domini
1120 3253 1206 3339 regis
1225 3254 1297 3338 jus·
1311 3251 1469 3330 annornm.

245 3358 380 3436 ticiano,
427 3363 461 3424 et
504 3358 599 3425 sociis
642 3358 710 3422 suis
743 3355 939 3441 justiciariis
978 3355 1125 3439 ejusdem
1171 3356 1297 3421 domini
1308 3318 1416 3450 Jfflss'e'g
1423 3319 1467 3435 ξε

245 3461 331 3546 regis
363 3460 598 3526 itinerantibus
632 3460 668 3524 in
699 3458 860 3524 comitatu
895 3456 1116 3535 Gloucestriae‚
1150 3457 1201 3522 W.
1233 3457 1298 3524 Dei
1311 3453 1438 3520 eyrethst

245 3563 354 3648 gratia
389 3563 491 3630 abbas
529 3561 779 3639 Malmesburite
813 3560 955 3626 salutem
997 3565 1031 3626 et
1061 3561 1220 3626 sinceram
1260 3561 1296 3626 in
1309 3520 1425 3636 &eliisei

247 3665 390 3733 Domino
412 3665 631 3732 dilectionem.
678 3663 798 3730 Sciatis
830 3685 890 3728 nos
921 3662 964 3728 ed
998 3663 1192 3728 mandatum
1224 3685 1296 3728 ves·
1309 3652 1442 3767 theatror-

245 3775 335 3834 trum
365 3769 523 3855 recepisse
558 3771 743 3833 alternatos
776 3765 902 3830 domini
926 3765 1092 3850 H[em·ici]
1117 3765 1158 3830 de
1191 3765 1297 3832 Cerne
1309 3734 1402 3850 {1333
1413 3787 1464 3836 and

245 3877 279 3937 et
301 3871 464 3936 Johannn
487 3869 599 3936 uxoris
623 3869 716 3954 ejus;
746 3867 910 3946 videlicet,
926 3867 1092 3953 Rogerum
1116 3867 1156 3934 de
1180 3867 1296 3934 Hunte
1310 3853 1422 3970 {3223st

245 3980 279 4039 et
302 3973 484 4038 Robertum
507 3973 548 4038 de
571 3970 759 4038 Somerford
790 3970 935 4057 Kaynes,
958 3971 1000 4038 ad
1024 3969 1219 4036 lucrandum
1242 3971 1297 4036 vel
1395 3957 1400 3971 ⁸

244 4075 456 4161 perdendum,
479 4075 517 4138 in
549 4074 672 4161 placito
705 4093 770 4158 quo
802 4077 949 4140 warento
981 4072 1069 4157 quod
1104 4079 1155 4138 cst
1188 4094 1297 4140 coram

242 4176 337 4242 vobis
372 4177 408 4241 in
441 4177 560 4241 itinere
595 4179 706 4242 vestro
744 4175 782 4238 in
816 4173 976 4240 comitatu
1015 4173 1172 4260 praedicto
1210 4175 1298 4239 inter

243 4279 420 4364 praelatum
442 4277 613 4343 dominum
647 4298 758 4363 regem
780 4281 816 4341 et
845 4276 1020 4362 praedictos
1053 4276 1237 4343 Henricum
1262 4281 1297 4341 et

241 4380 439 4446 Johcnnam.
487 4380 531 4445 Et
565 4380 627 4446 hoc
665 4380 760 4445 vobis
798 4385 912 4444 tenore
945 4379 1160 4466 praesentium
1195 4379 1297 4463 signi-

242 4485 389 4560 ficamus,
423 4483 552 4548 litteras
584 4487 712 4548 vestras
746 4503 844 4568 super
866 4480 929 4548 hoc
959 4482 1055 4546 nobis
1089 4479 1297 4546 transmissas

243 4585 464 4672 praesentibns
502 4584 696 4650 interclusas
740 4583 835 4648 vobis
879 4584 1094 4648 remittentes.
1155 4581 1298 4648 Valeant

243 4686 372 4752 domini
395 4693 429 4751 et
451 4687 549 4752 amici
573 4687 678 4751 nostri
701 4708 760 4772 per
789 4691 939 4770 tempora
961 4685 1067 4770 longa.

329 4925 355 4979 Ν
366 4930 407 4978 eo.
