3526 5810
517 891 715 942 nnersrsuu
738 891 1063 944 ustumsunrnuss.
1249 882 1313 946 299

539 1219 542 1224 ·
622 1204 701 1272 Ome
735 1203 958 1271 CCCCXVII.

265 1356 369 1422 Garto
390 1355 529 1424 Robora
551 1357 591 1424 dc
615 1356 781 1444 iturlcby
803 1357 843 1424 de
860 1363 1010 1443 pastura
1033 1363 1182 1443 quotuor
1205 1357 1315 1425 boccan.

309 1507 425 1575 Sciant
446 1515 624 1596 praesentes
658 1513 693 1574 et
723 1509 838 1586 futuri,
873 1509 962 1594 quod
985 1529 1044 1596 ego
1075 1508 1239 1575 Robertus
1273 1511 1314 1575 de
1328 1537 1429 1590 salaai

264 1608 433 1697 Thurleby
449 1612 535 1689 dedi,
550 1612 702 1690 concessi,
726 1617 760 1676 et
782 1611 883 1676 etiam
905 1611 1016 1676 remisi
1039 1631 1098 1698 pro
1121 1634 1174 1676 me
1197 1616 1231 1676 et
1256 1611 1444 1676 he-⁰⁰¹¹¹¹¹¹⁰n

263 1711 397 1778 redibus
419 1713 501 1778 meis
523 1719 558 1780 et
587 1714 766 1800 assignatis
801 1714 1056 1799 imperpetuum,
1090 1712 1162 1780 Deo
1196 1717 1231 1778 et
1263 1735 1312 1780 ec·
1325 1683 1446 1826 Ξῑέξζω

262 1814 370 1880 clesiae
405 1813 519 1880 Sancti
550 1815 720 1880 Aldhelmi
759 1815 799 1880 de
838 1814 1080 1892 Melmesburia,
1115 1820 1149 1880 et
1180 1816 1313 1882 domino
1326 1829 1471 1901 theabbey.

263 1915 431 1983 Willelmo
453 1917 567 1983 abbati
591 1918 631 1983 de
655 1916 898 1995 Malmesburia,
921 1922 956 1982 et
979 1918 1126 2004 ejusdcm
1150 1918 1215 1984 loci
1238 1939 1314 1985 con-

263 2020 390 2097 ventui,
413 2023 519 2085 totam
534 2041 743 2084 communem
759 2040 859 2104 quem
881 2018 984 2084 habui
1006 2020 1043 2083 in
1059 2019 1095 2084 lo
1116 2019 1314 2099 Rowctulic,

263 2127 299 2188 et
321 2122 357 2186 in
380 2122 518 2188 marisco
540 2123 581 2187 de
611 2122 648 2186 lc
680 2120 882 2186 Blakeloaada
916 2143 991 2187 cum
1023 2127 1166 2207 quatuor
1196 2122 1312 2189 bobus.

263 2225 319 2290 Ita
341 2225 429 2310 quod
451 2245 512 2292 nec
533 2245 594 2310 ego
616 2243 677 2290 nec
690 2223 810 2308 aliquis
825 2222 983 2288 heredum
998 2224 1053 2288 vel
1074 2225 1315 2311 assignatorum

263 2348 411 2393 meorum
433 2326 579 2412 ediquem
602 2345 810 2392 communem
831 2325 869 2389 in
883 2325 1051 2412 praedictis
1073 2327 1217 2411 pasturis
1240 2349 1315 2392 cum

262 2433 406 2515 quatuor
427 2427 532 2494 bobus
555 2428 686 2514 exigere
709 2427 880 2513 possimus,
903 2428 961 2492 sed
984 2447 1192 2494 communem
1215 2451 1315 2514 quam

262 2531 383 2596 habere
415 2531 569 2598 consuevi
603 2531 640 2595 in
670 2530 837 2616 praedictis
879 2531 1024 2615 pasturis
1062 2552 1137 2597 cum
1175 2535 1317 2616 quatuor
1426 2547 1429 2555 '

262 2634 375 2712 bobus,
398 2632 549 2719 praedicti
571 2631 674 2697 abbas
697 2638 732 2697 et
762 2637 945 2696 conventus
977 2636 1012 2697 et
1045 2653 1158 2697 eorum
1192 2653 1316 2700 succes-

262 2757 350 2802 sores
372 2734 518 2801 habeant
540 2739 575 2800 et
588 2740 727 2800 teneant
742 2733 844 2800 libere
859 2739 894 2799 et
914 2733 1048 2820 pacifice
1062 2734 1316 2822 imperpetuum,

263 2838 334 2904 sine
371 2837 484 2922 aliqua
516 2837 777 2904 contradictione
808 2857 865 2902 seu
896 2836 1128 2902 reclamatione
1162 2837 1236 2916 mei,
1262 2839 1316 2904 vel

262 2938 429 3020 heredum,
476 2937 530 3003 vel
575 2938 817 3024 assignatorum
862 2959 1009 3003 meorum
1063 2937 1315 3025 imperpetuum.

263 3041 328 3107 Pro
358 3041 421 3107 hac
457 3045 569 3106 eutem
600 3040 787 3118 donatione,
817 3040 1022 3106 concessione
1056 3044 1090 3106 et
1127 3041 1316 3108 remissione

263 3164 344 3222 mea,
367 3142 530 3209 dederunt
552 3141 635 3206 mihi
658 3141 810 3228 praedicti
833 3142 936 3208 abbas
959 3147 994 3208 et
1016 3147 1198 3208 conventus
1232 3165 1315 3230 prae-

264 3246 416 3312 manibus
437 3244 559 3331 viginti
582 3244 704 3310 solidos
730 3244 869 3332 argenti.
916 3243 962 3310 Et
995 3249 1035 3308 ut
1065 3244 1137 3310 haec
1170 3246 1315 3326 donatio,

263 3346 426 3414 concessio
450 3351 484 3410 et
513 3346 661 3412 remissio
695 3346 795 3412 robur
828 3343 1062 3434 perpetuitatis
1092 3345 1129 3410 in
1163 3369 1198 3412 se
1231 3348 1317 3414 obti-

263 3451 374 3530 neant,
396 3449 483 3515 hanc
514 3453 642 3516 cartam
674 3448 798 3514 eisdem
831 3447 946 3513 abbati
978 3453 1012 3513 et
1034 3449 1213 3516 conventui
1245 3450 1315 3529 feci,

264 3557 299 3619 et
321 3572 391 3618 eam
416 3549 524 3638 sigillo
546 3571 619 3617 meo
641 3549 780 3636 signavi.
825 3549 902 3615 Hiis
925 3550 1077 3616 testibus.

621 3836 702 3905 Gar.
726 3835 972 3905 ooocxvlss.

277 4003 384 4069 Corte
411 3999 576 4069 Witlelccc‘
598 3999 635 4067 lc
662 3999 833 4116 chtefle
867 3999 1077 4089 Otippcimot
1108 4008 1138 4070 et
1169 4002 1268 4070 Edit]
1297 4027 1304 4048 ²

680 4123 799 4169 coerce
820 4124 900 4169 cccc.

310 4267 425 4335 Sciant
448 4273 628 4354 praesentes
651 4272 686 4332 et
708 4267 825 4346 futuri,
848 4268 938 4354 quod
969 4288 1029 4334 nos
1063 4269 1250 4336 Willelmus
1282 4271 1451 4338 lamentor

264 4370 394 4456 Wayte,
427 4370 468 4435 de
507 4369 723 4466 Chippeham,
754 4375 789 4434 et
836 4369 961 4436 Edithn
991 4392 1076 4436 uxor
1127 4395 1208 4451 mea,
1246 4353 1462 4484 filiafflxffi

265 4474 431 4561 quondam
454 4472 612 4537 Wiilelmi
634 4473 676 4537 de
700 4471 883 4559 Haywodc,
906 4472 1067 4550 dedimus,
1091 4477 1314 4555 concessimus,
1329 4485 1484 4550 arseming-⁸

266 4581 301 4642 et
322 4575 384 4640 hac
416 4575 572 4660 praesenti
606 4579 698 4640 carta
729 4579 843 4639 nostre
877 4575 1143 4640 confirmavimus
1177 4575 1248 4642 Deo
1282 4551 1465 4684 ciffi&

267 4677 409 4744 ecclesiae
441 4675 531 4741 beati
569 4673 736 4741 Aldhelmi
772 4677 813 4740 de
840 4675 1082 4756 Malmesburie,
1117 4681 1152 4742 et
1183 4678 1316 4744 domino

265 4779 433 4846 Wilielmc
455 4778 569 4844 abbati
593 4779 633 4844 de
657 4777 900 4856 Malmesburie,
924 4782 960 4844 et
982 4778 1130 4864 ejusdem
1153 4779 1215 4846 loci
1240 4802 1315 4846 con-
