<?xml version="1.0" encoding="UTF-8"?>
<!DOCTYPE html PUBLIC "-//W3C//DTD XHTML 1.0 Transitional//EN"
    "http://www.w3.org/TR/xhtml1/DTD/xhtml1-transitional.dtd">
<html xmlns="http://www.w3.org/1999/xhtml" xml:lang="en" lang="en">
 <head>
  <title>
</title>
<meta http-equiv="Content-Type" content="text/html;charset=utf-8" />
  <meta name='ocr-system' content='tesseract 3.04.00' />
  <meta name='ocr-capabilities' content='ocr_page ocr_carea ocr_par ocr_line ocrx_word'/>
</head>
<body>
  <div class='ocr_page' id='page_1' title='image "./registrummalmes00martgoog_0286.png"; bbox 0 0 3566 5820; ppageno 0'>
   <div class='ocr_carea' id='block_1_1' title="bbox 442 875 1245 990">
    <p class='ocr_par' dir='ltr' id='par_1_1' title="bbox 442 875 1245 990">
     <span class='ocr_line' id='line_1_1' title="bbox 442 875 1245 990; baseline 0.005 -48"><span class='ocrx_word' id='word_1_1' title='bbox 442 875 506 952; x_wconf 80' lang='lat'>192</span> <span class='ocrx_word' id='word_1_2' title='bbox 697 895 1245 990; x_wconf 71' lang='lat' dir='ltr'>samsrruuumuusnuamusn</span> 
     </span>
    </p>
   </div>
   <div class='ocr_carea' id='block_1_2' title="bbox 434 1081 1631 2200">
    <p class='ocr_par' dir='ltr' id='par_1_2' title="bbox 434 1081 1631 2200">
     <span class='ocr_line' id='line_1_2' title="bbox 438 1081 1495 1166; baseline 0.005 -22"><span class='ocrx_word' id='word_1_3' title='bbox 438 1102 514 1145; x_wconf 85' lang='lat' dir='ltr'>suos</span> <span class='ocrx_word' id='word_1_4' title='bbox 553 1082 745 1166; x_wconf 89' lang='lat' dir='ltr'>pertinente.</span> <span class='ocrx_word' id='word_1_5' title='bbox 809 1081 871 1146; x_wconf 92' lang='lat' dir='ltr'>Pro</span> <span class='ocrx_word' id='word_1_6' title='bbox 905 1081 967 1148; x_wconf 88' lang='lat' dir='ltr'>hac</span> <span class='ocrx_word' id='word_1_7' title='bbox 998 1089 1110 1148; x_wconf 86' lang='lat' dir='ltr'>autem</span> <span class='ocrx_word' id='word_1_8' title='bbox 1149 1085 1364 1148; x_wconf 87' lang='lat' dir='ltr'>conventione</span> <span class='ocrx_word' id='word_1_9' title='bbox 1403 1083 1495 1150; x_wconf 75' lang='lat' dir='ltr'>&lt;ledit</span> 
     </span>
     <span class='ocr_line' id='line_1_3' title="bbox 437 1184 1493 1273; baseline 0.004 -25"><span class='ocrx_word' id='word_1_10' title='bbox 437 1184 615 1270; x_wconf 76' lang='lat' dir='ltr'>praedictus</span> <span class='ocrx_word' id='word_1_11' title='bbox 649 1185 810 1250; x_wconf 86' lang='lat' dir='ltr'>Ricardus</span> <span class='ocrx_word' id='word_1_12' title='bbox 845 1187 885 1250; x_wconf 87' lang='lat' dir='ltr'>de</span> <span class='ocrx_word' id='word_1_13' title='bbox 920 1187 1120 1272; x_wconf 90' lang='lat' dir='ltr'>Lokyntone</span> <span class='ocrx_word' id='word_1_14' title='bbox 1152 1187 1241 1253; x_wconf 88' lang='lat' dir='ltr'>dieto</span> <span class='ocrx_word' id='word_1_15' title='bbox 1275 1187 1388 1252; x_wconf 88' lang='lat' dir='ltr'>abbati</span> <span class='ocrx_word' id='word_1_16' title='bbox 1426 1209 1493 1273; x_wconf 86' lang='lat' dir='ltr'>prae</span> 
     </span>
     <span class='ocr_line' id='line_1_4' title="bbox 438 1287 1492 1376; baseline 0.004 -25"><span class='ocrx_word' id='word_1_17' title='bbox 438 1287 590 1354; x_wconf 85' lang='lat' dir='ltr'>manibus</span> <span class='ocrx_word' id='word_1_18' title='bbox 617 1289 838 1375; x_wconf 76' lang='lat' dir='ltr'>quadraginta</span> <span class='ocrx_word' id='word_1_19' title='bbox 859 1288 980 1354; x_wconf 89' lang='lat' dir='ltr'>solidos</span> <span class='ocrx_word' id='word_1_20' title='bbox 1003 1290 1246 1376; x_wconf 76' lang='lat' dir='ltr'>sterlingorum.</span> <span class='ocrx_word' id='word_1_21' title='bbox 1295 1290 1393 1356; x_wconf 86' lang='lat' dir='ltr'>Hauc</span> <span class='ocrx_word' id='word_1_22' title='bbox 1415 1312 1492 1355; x_wconf 91' lang='lat' dir='ltr'>vero</span> 
     </span>
     <span class='ocr_line' id='line_1_5' title="bbox 437 1391 1631 1478; baseline 0.003 -22"><span class='ocrx_word' id='word_1_23' title='bbox 437 1391 628 1468; x_wconf 76' lang='lat' dir='ltr'>custodiam,</span> <span class='ocrx_word' id='word_1_24' title='bbox 651 1413 726 1456; x_wconf 86' lang='lat' dir='ltr'>eum</span> <span class='ocrx_word' id='word_1_25' title='bbox 749 1391 924 1478; x_wconf 72' lang='lat' dir='ltr'>maritagio</span> <span class='ocrx_word' id='word_1_26' title='bbox 946 1398 982 1457; x_wconf 92' lang='lat' dir='ltr'>et</span> <span class='ocrx_word' id='word_1_27' title='bbox 1004 1393 1079 1458; x_wconf 88' lang='lat' dir='ltr'>aliis</span> <span class='ocrx_word' id='word_1_28' title='bbox 1103 1393 1311 1478; x_wconf 68' lang='lat' dir='ltr'>praescriptio,</span> <span class='ocrx_word' id='word_1_29' title='bbox 1328 1393 1492 1458; x_wconf 88' lang='lat' dir='ltr'>Walterus</span> <span class='ocrx_word' id='word_1_30' title='bbox 1624 1418 1631 1426; x_wconf 94' lang='lat'><strong>·</strong></span> 
     </span>
     <span class='ocr_line' id='line_1_6' title="bbox 435 1483 1496 1582; baseline 0.004 -24"><span class='ocrx_word' id='word_1_31' title='bbox 435 1493 537 1558; x_wconf 85' lang='lat' dir='ltr'>abbas</span> <span class='ocrx_word' id='word_1_32' title='bbox 568 1499 603 1558; x_wconf 91' lang='lat' dir='ltr'>et</span> <span class='ocrx_word' id='word_1_33' title='bbox 637 1515 834 1560; x_wconf 86' lang='lat' dir='ltr'>successores</span> <span class='ocrx_word' id='word_1_34' title='bbox 868 1495 1026 1582; x_wconf 77' lang='lat' dir='ltr'>praedicto</span> <span class='ocrx_word' id='word_1_35' title='bbox 1062 1496 1204 1562; x_wconf 87' lang='lat' dir='ltr'>Ricardo</span> <span class='ocrx_word' id='word_1_36' title='bbox 1229 1495 1270 1560; x_wconf 91' lang='lat' dir='ltr'>de</span> <span class='ocrx_word' id='word_1_37' title='bbox 1293 1483 1496 1582; x_wconf 79' lang='lat' dir='ltr'>Lokyntone&#39;</span> 
     </span>
     <span class='ocr_line' id='line_1_7' title="bbox 435 1595 1491 1685; baseline 0.005 -24"><span class='ocrx_word' id='word_1_38' title='bbox 435 1595 489 1662; x_wconf 87' lang='lat' dir='ltr'>vel</span> <span class='ocrx_word' id='word_1_39' title='bbox 512 1595 582 1682; x_wconf 89' lang='lat' dir='ltr'>ejus</span> <span class='ocrx_word' id='word_1_40' title='bbox 605 1597 780 1684; x_wconf 85' lang='lat' dir='ltr'>assignatis</span> <span class='ocrx_word' id='word_1_41' title='bbox 814 1620 918 1684; x_wconf 89' lang='lat' dir='ltr'>usque</span> <span class='ocrx_word' id='word_1_42' title='bbox 952 1598 996 1664; x_wconf 90' lang='lat' dir='ltr'>ad</span> <span class='ocrx_word' id='word_1_43' title='bbox 1027 1598 1159 1684; x_wconf 78' lang='lat' dir='ltr'>plenam</span> <span class='ocrx_word' id='word_1_44' title='bbox 1186 1603 1319 1664; x_wconf 84' lang='lat' dir='ltr'>aetatem</span> <span class='ocrx_word' id='word_1_45' title='bbox 1342 1599 1491 1685; x_wconf 84' lang='lat' dir='ltr'>praedicti</span> 
     </span>
     <span class='ocr_line' id='line_1_8' title="bbox 436 1699 1491 1767; baseline 0.005 -5"><span class='ocrx_word' id='word_1_46' title='bbox 436 1699 568 1765; x_wconf 89' lang='lat' dir='ltr'>Ricardi</span> <span class='ocrx_word' id='word_1_47' title='bbox 602 1699 731 1765; x_wconf 87' lang='lat' dir='ltr'>heredis</span> <span class='ocrx_word' id='word_1_48' title='bbox 765 1701 1039 1766; x_wconf 84' lang='lat' dir='ltr'>warantizabunt.</span> <span class='ocrx_word' id='word_1_49' title='bbox 1088 1701 1132 1766; x_wconf 87' lang='lat' dir='ltr'>Et</span> <span class='ocrx_word' id='word_1_50' title='bbox 1154 1705 1193 1765; x_wconf 88' lang='lat' dir='ltr'>ut</span> <span class='ocrx_word' id='word_1_51' title='bbox 1220 1699 1290 1766; x_wconf 81' lang='lat' dir='ltr'>hoec</span> <span class='ocrx_word' id='word_1_52' title='bbox 1316 1703 1491 1767; x_wconf 84' lang='lat' dir='ltr'>conventio</span> 
     </span>
     <span class='ocr_line' id='line_1_9' title="bbox 435 1802 1491 1890; baseline 0 -22"><span class='ocrx_word' id='word_1_53' title='bbox 435 1802 530 1868; x_wconf 87' lang='lat' dir='ltr'>firma</span> <span class='ocrx_word' id='word_1_54' title='bbox 564 1807 598 1867; x_wconf 87' lang='lat' dir='ltr'>et</span> <span class='ocrx_word' id='word_1_55' title='bbox 631 1803 759 1867; x_wconf 87' lang='lat' dir='ltr'>stabilis</span> <span class='ocrx_word' id='word_1_56' title='bbox 792 1809 992 1890; x_wconf 88' lang='lat' dir='ltr'>permaneat,</span> <span class='ocrx_word' id='word_1_57' title='bbox 1026 1803 1088 1870; x_wconf 90' lang='lat' dir='ltr'>hoc</span> <span class='ocrx_word' id='word_1_58' title='bbox 1126 1803 1366 1889; x_wconf 76' lang='lat' dir='ltr'>cyrographum</span> <span class='ocrx_word' id='word_1_59' title='bbox 1404 1805 1491 1870; x_wconf 84' lang='lat' dir='ltr'>inter</span> 
     </span>
     <span class='ocr_line' id='line_1_10' title="bbox 436 1905 1489 1992; baseline 0.002 -22"><span class='ocrx_word' id='word_1_60' title='bbox 436 1923 490 1970; x_wconf 88' lang='lat' dir='ltr'>eos</span> <span class='ocrx_word' id='word_1_61' title='bbox 512 1905 637 1970; x_wconf 87' lang='lat' dir='ltr'>factum</span> <span class='ocrx_word' id='word_1_62' title='bbox 660 1910 717 1982; x_wconf 87' lang='lat' dir='ltr'>est,</span> <span class='ocrx_word' id='word_1_63' title='bbox 742 1905 835 1990; x_wconf 88' lang='lat' dir='ltr'>eujus</span> <span class='ocrx_word' id='word_1_64' title='bbox 858 1905 917 1968; x_wconf 91' lang='lat' dir='ltr'>uni</span> <span class='ocrx_word' id='word_1_65' title='bbox 940 1905 1027 1992; x_wconf 80' lang='lat' dir='ltr'>patti</span> <span class='ocrx_word' id='word_1_66' title='bbox 1059 1905 1205 1991; x_wconf 87' lang='lat' dir='ltr'>sigillum</span> <span class='ocrx_word' id='word_1_67' title='bbox 1229 1905 1368 1971; x_wconf 89' lang='lat' dir='ltr'>Walteri</span> <span class='ocrx_word' id='word_1_68' title='bbox 1390 1907 1489 1972; x_wconf 86' lang='lat' dir='ltr'>abbe·</span> 
     </span>
     <span class='ocr_line' id='line_1_11' title="bbox 435 2007 1487 2098; baseline 0.002 -26"><span class='ocrx_word' id='word_1_69' title='bbox 435 2009 479 2072; x_wconf 89' lang='lat' dir='ltr'>tis</span> <span class='ocrx_word' id='word_1_70' title='bbox 513 2008 554 2073; x_wconf 91' lang='lat' dir='ltr'>de</span> <span class='ocrx_word' id='word_1_71' title='bbox 586 2007 818 2072; x_wconf 88' lang='lat' dir='ltr'>Malmesburia</span> <span class='ocrx_word' id='word_1_72' title='bbox 849 2029 1031 2094; x_wconf 89' lang='lat' dir='ltr'>appensum</span> <span class='ocrx_word' id='word_1_73' title='bbox 1063 2014 1123 2084; x_wconf 90' lang='lat' dir='ltr'>est,</span> <span class='ocrx_word' id='word_1_74' title='bbox 1156 2008 1254 2072; x_wconf 90' lang='lat' dir='ltr'>alteri</span> <span class='ocrx_word' id='word_1_75' title='bbox 1288 2031 1366 2074; x_wconf 87' lang='lat' dir='ltr'>vero</span> <span class='ocrx_word' id='word_1_76' title='bbox 1399 2012 1487 2098; x_wconf 87' lang='lat' dir='ltr'>parti</span> 
     </span>
     <span class='ocr_line' id='line_1_12' title="bbox 434 2109 1223 2200; baseline -0.001 -24"><span class='ocrx_word' id='word_1_77' title='bbox 434 2110 579 2200; x_wconf 90' lang='lat' dir='ltr'>sigillum</span> <span class='ocrx_word' id='word_1_78' title='bbox 602 2109 770 2194; x_wconf 87' lang='lat' dir='ltr'>saepedieti</span> <span class='ocrx_word' id='word_1_79' title='bbox 793 2109 926 2176; x_wconf 86' lang='lat' dir='ltr'>Ricardi</span> <span class='ocrx_word' id='word_1_80' title='bbox 950 2110 990 2174; x_wconf 82' lang='lat' dir='ltr'>de</span> <span class='ocrx_word' id='word_1_81' title='bbox 1015 2109 1223 2196; x_wconf 84' lang='lat' dir='ltr'>Lckyntone.</span> 
     </span>
    </p>
   </div>
   <div class='ocr_carea' id='block_1_3' title="bbox 799 2353 1121 2422">
    <p class='ocr_par' dir='ltr' id='par_1_3' title="bbox 799 2353 1121 2422">
     <span class='ocr_line' id='line_1_13' title="bbox 799 2353 1121 2422; baseline -0.006 0"><span class='ocrx_word' id='word_1_82' title='bbox 799 2353 878 2422; x_wconf 75' lang='lat' dir='ltr'>OAP.</span> <span class='ocrx_word' id='word_1_83' title='bbox 904 2353 1121 2422; x_wconf 84' lang='lat' dir='ltr'>OOOXXIII.</span> 
     </span>
    </p>
   </div>
   <div class='ocr_carea' id='block_1_4' title="bbox 485 2507 1442 2698">
    <p class='ocr_par' dir='ltr' id='par_1_4' title="bbox 485 2507 1442 2698">
     <span class='ocr_line' id='line_1_14' title="bbox 485 2507 1442 2595; baseline 0 -21"><span class='ocrx_word' id='word_1_84' title='bbox 485 2509 589 2575; x_wconf 73' lang='lat' dir='ltr'>Carta</span> <span class='ocrx_word' id='word_1_85' title='bbox 612 2509 789 2574; x_wconf 79' lang='lat' dir='ltr'>Koteriaoe</span> <span class='ocrx_word' id='word_1_86' title='bbox 812 2507 946 2594; x_wconf 70' lang='lat' dir='ltr'>selkytcl</span> <span class='ocrx_word' id='word_1_87' title='bbox 963 2507 1058 2594; x_wconf 81' lang='lat' dir='ltr'>sacto</span> <span class='ocrx_word' id='word_1_88' title='bbox 1081 2509 1264 2594; x_wconf 74' lang='lat' dir='ltr'>Morpcou&#39;oe</span> <span class='ocrx_word' id='word_1_89' title='bbox 1286 2509 1381 2595; x_wconf 76' lang='lat' dir='ltr'>Pocy</span> <span class='ocrx_word' id='word_1_90' title='bbox 1403 2509 1442 2574; x_wconf 76' lang='grc'>(1(</span> 
     </span>
     <span class='ocr_line' id='line_1_15' title="bbox 516 2611 1412 2698; baseline 0 -20"><span class='ocrx_word' id='word_1_91' title='bbox 516 2615 689 2698; x_wconf 70' lang='lat' dir='ltr'>mesuagio</span> <span class='ocrx_word' id='word_1_92' title='bbox 711 2612 802 2698; x_wconf 76' lang='lat' dir='ltr'>qood</span> <span class='ocrx_word' id='word_1_93' title='bbox 825 2619 869 2676; x_wconf 81' lang='lat' dir='ltr'>est</span> <span class='ocrx_word' id='word_1_94' title='bbox 891 2635 929 2677; x_wconf 75' lang='lat' dir='ltr'>ea</span> <span class='ocrx_word' id='word_1_95' title='bbox 952 2611 1101 2698; x_wconf 78' lang='lat' dir='ltr'>opposito</span> <span class='ocrx_word' id='word_1_96' title='bbox 1122 2612 1242 2698; x_wconf 76' lang='lat' dir='ltr'>pabuli</span> <span class='ocrx_word' id='word_1_97' title='bbox 1267 2611 1412 2698; x_wconf 71' lang='lat' dir='ltr'>(lycidu.</span> 
     </span>
    </p>
   </div>
   <div class='ocr_carea' id='block_1_5' title="bbox 265 2754 1487 4779">
    <p class='ocr_par' dir='ltr' id='par_1_5' title="bbox 265 2754 1487 3251">
     <span class='ocr_line' id='line_1_16' title="bbox 268 2754 1487 2841; baseline 0 -21"><span class='ocrx_word' id='word_1_98' title='bbox 268 2779 414 2830; x_wconf 76' lang='lat' dir='ltr'>Grantola</span> <span class='ocrx_word' id='word_1_99' title='bbox 480 2755 595 2820; x_wconf 84' lang='lat' dir='ltr'>Sciant</span> <span class='ocrx_word' id='word_1_100' title='bbox 626 2761 803 2841; x_wconf 83' lang='lat' dir='ltr'>praesentes</span> <span class='ocrx_word' id='word_1_101' title='bbox 836 2760 870 2820; x_wconf 90' lang='lat' dir='ltr'>et</span> <span class='ocrx_word' id='word_1_102' title='bbox 903 2754 1009 2820; x_wconf 87' lang='lat' dir='ltr'>futuri</span> <span class='ocrx_word' id='word_1_103' title='bbox 1032 2756 1121 2840; x_wconf 90' lang='lat' dir='ltr'>quod</span> <span class='ocrx_word' id='word_1_104' title='bbox 1143 2777 1203 2841; x_wconf 90' lang='lat' dir='ltr'>ego</span> <span class='ocrx_word' id='word_1_105' title='bbox 1227 2755 1396 2832; x_wconf 84' lang='lat' dir='ltr'>Katerina,</span> <span class='ocrx_word' id='word_1_106' title='bbox 1418 2755 1487 2820; x_wconf 87' lang='lat' dir='ltr'>filia</span> 
     </span>
     <span class='ocr_line' id='line_1_17' title="bbox 265 2855 1486 2964; baseline -0.001 -42"><span class='ocrx_word' id='word_1_107' title='bbox 265 2861 397 2964; x_wconf 53' lang='lat' dir='ltr'>ffiffi‘l</span> <span class='ocrx_word' id='word_1_108' title='bbox 435 2855 570 2924; x_wconf 88' lang='lat' dir='ltr'>Henrici</span> <span class='ocrx_word' id='word_1_109' title='bbox 603 2859 643 2922; x_wconf 87' lang='lat' dir='ltr'>de</span> <span class='ocrx_word' id='word_1_110' title='bbox 676 2857 884 2934; x_wconf 75' lang='lat' dir='ltr'>Niwentone</span> <span class='ocrx_word' id='word_1_111' title='bbox 908 2857 1021 2922; x_wconf 87' lang='lat' dir='ltr'>relicta</span> <span class='ocrx_word' id='word_1_112' title='bbox 1044 2857 1152 2922; x_wconf 83' lang='lat' dir='ltr'>Heliae</span> <span class='ocrx_word' id='word_1_113' title='bbox 1175 2857 1311 2922; x_wconf 89' lang='lat' dir='ltr'>Pistoris</span> <span class='ocrx_word' id='word_1_114' title='bbox 1340 2857 1381 2922; x_wconf 91' lang='lat' dir='ltr'>de</span> <span class='ocrx_word' id='word_1_115' title='bbox 1405 2857 1486 2922; x_wconf 87' lang='lat' dir='ltr'>Mal-</span> 
     </span>
     <span class='ocr_line' id='line_1_18' title="bbox 268 2959 1487 3045; baseline -0.005 -15"><span class='ocrx_word' id='word_1_116' title='bbox 268 2978 404 3030; x_wconf 72' lang='lat' dir='ltr'>Guildhau.</span> <span class='ocrx_word' id='word_1_117' title='bbox 434 2960 606 3037; x_wconf 87' lang='lat' dir='ltr'>mesburia,</span> <span class='ocrx_word' id='word_1_118' title='bbox 630 2961 666 3024; x_wconf 93' lang='lat' dir='ltr'>in</span> <span class='ocrx_word' id='word_1_119' title='bbox 698 2960 845 3045; x_wconf 83' lang='lat' dir='ltr'>legitima</span> <span class='ocrx_word' id='word_1_120' title='bbox 867 2959 1032 3024; x_wconf 87' lang='lat' dir='ltr'>viduitate</span> <span class='ocrx_word' id='word_1_121' title='bbox 1067 2981 1148 3036; x_wconf 87' lang='lat' dir='ltr'>mea,</span> <span class='ocrx_word' id='word_1_122' title='bbox 1172 2960 1256 3036; x_wconf 93' lang='lat' dir='ltr'>dedi,</span> <span class='ocrx_word' id='word_1_123' title='bbox 1279 2961 1430 3038; x_wconf 82' lang='lat' dir='ltr'>concessi,</span> <span class='ocrx_word' id='word_1_124' title='bbox 1453 2967 1487 3025; x_wconf 89' lang='lat' dir='ltr'>et</span> 
     </span>
     <span class='ocr_line' id='line_1_19' title="bbox 433 3061 1485 3150; baseline 0 -22"><span class='ocrx_word' id='word_1_125' title='bbox 433 3063 496 3130; x_wconf 89' lang='lat' dir='ltr'>hac</span> <span class='ocrx_word' id='word_1_126' title='bbox 517 3063 673 3150; x_wconf 72' lang='lat' dir='ltr'>praesenti</span> <span class='ocrx_word' id='word_1_127' title='bbox 695 3068 785 3128; x_wconf 81' lang='lat' dir='ltr'>carta</span> <span class='ocrx_word' id='word_1_128' title='bbox 816 3084 890 3128; x_wconf 87' lang='lat' dir='ltr'>mea</span> <span class='ocrx_word' id='word_1_129' title='bbox 923 3061 1124 3139; x_wconf 86' lang='lat' dir='ltr'>confirmavi,</span> <span class='ocrx_word' id='word_1_130' title='bbox 1158 3062 1302 3127; x_wconf 88' lang='lat' dir='ltr'>Roberto</span> <span class='ocrx_word' id='word_1_131' title='bbox 1334 3061 1423 3150; x_wconf 86' lang='lat' dir='ltr'>Pacy</span> <span class='ocrx_word' id='word_1_132' title='bbox 1446 3063 1485 3128; x_wconf 93' lang='lat' dir='ltr'>de</span> 
     </span>
     <span class='ocr_line' id='line_1_20' title="bbox 434 3165 1485 3251; baseline -0.003 -19"><span class='ocrx_word' id='word_1_133' title='bbox 434 3166 668 3232; x_wconf 87' lang='lat' dir='ltr'>Malmesburia</span> <span class='ocrx_word' id='word_1_134' title='bbox 689 3172 724 3232; x_wconf 88' lang='lat' dir='ltr'>et</span> <span class='ocrx_word' id='word_1_135' title='bbox 747 3165 917 3250; x_wconf 86' lang='lat' dir='ltr'>Margeriae</span> <span class='ocrx_word' id='word_1_136' title='bbox 940 3166 1037 3230; x_wconf 91' lang='lat' dir='ltr'>uxori</span> <span class='ocrx_word' id='word_1_137' title='bbox 1067 3187 1144 3241; x_wconf 86' lang='lat' dir='ltr'>suae,</span> <span class='ocrx_word' id='word_1_138' title='bbox 1167 3165 1251 3230; x_wconf 88' lang='lat' dir='ltr'>illud</span> <span class='ocrx_word' id='word_1_139' title='bbox 1282 3166 1485 3251; x_wconf 80' lang='lat' dir='ltr'>mesuagium</span> 
     </span>
    </p>

    <p class='ocr_par' dir='ltr' id='par_1_6' title="bbox 432 3266 1485 3457">
     <span class='ocr_line' id='line_1_21' title="bbox 433 3266 1485 3354; baseline -0.006 -18"><span class='ocrx_word' id='word_1_140' title='bbox 433 3291 508 3336; x_wconf 89' lang='lat' dir='ltr'>cum</span> <span class='ocrx_word' id='word_1_141' title='bbox 547 3269 698 3334; x_wconf 88' lang='lat' dir='ltr'>omnibus</span> <span class='ocrx_word' id='word_1_142' title='bbox 736 3266 947 3354; x_wconf 88' lang='lat' dir='ltr'>pertinentiis</span> <span class='ocrx_word' id='word_1_143' title='bbox 984 3267 1052 3331; x_wconf 75' lang='lat' dir='ltr'>&#39;suis</span> <span class='ocrx_word' id='word_1_144' title='bbox 1090 3266 1178 3352; x_wconf 91' lang='lat' dir='ltr'>quod</span> <span class='ocrx_word' id='word_1_145' title='bbox 1216 3272 1267 3332; x_wconf 87' lang='lat' dir='ltr'>est</span> <span class='ocrx_word' id='word_1_146' title='bbox 1305 3267 1406 3331; x_wconf 91' lang='lat' dir='ltr'>situm</span> <span class='ocrx_word' id='word_1_147' title='bbox 1445 3290 1485 3332; x_wconf 81' lang='lat' dir='ltr'>ex</span> 
     </span>
     <span class='ocr_line' id='line_1_22' title="bbox 432 3367 1484 3457; baseline -0.002 -22"><span class='ocrx_word' id='word_1_148' title='bbox 432 3370 582 3457; x_wconf 91' lang='lat' dir='ltr'>opposito</span> <span class='ocrx_word' id='word_1_149' title='bbox 604 3369 681 3436; x_wconf 86' lang='lat' dir='ltr'>ostii</span> <span class='ocrx_word' id='word_1_150' title='bbox 705 3369 832 3434; x_wconf 84' lang='lat' dir='ltr'>Gialdae</span> <span class='ocrx_word' id='word_1_151' title='bbox 856 3367 1108 3446; x_wconf 88' lang='lat' dir='ltr'>Malmesburiae,</span> <span class='ocrx_word' id='word_1_152' title='bbox 1127 3369 1227 3452; x_wconf 86' lang='lat' dir='ltr'>juxta</span> <span class='ocrx_word' id='word_1_153' title='bbox 1259 3374 1484 3434; x_wconf 70' lang='lat' dir='ltr'>tenementum</span> 
     </span>
    </p>

    <p class='ocr_par' dir='ltr' id='par_1_7' title="bbox 432 3471 1486 3762">
     <span class='ocr_line' id='line_1_23' title="bbox 432 3471 1486 3560; baseline -0.001 -22"><span class='ocrx_word' id='word_1_154' title='bbox 432 3475 519 3560; x_wconf 91' lang='lat' dir='ltr'>quod</span> <span class='ocrx_word' id='word_1_155' title='bbox 551 3473 619 3538; x_wconf 88' lang='lat' dir='ltr'>fuit</span> <span class='ocrx_word' id='word_1_156' title='bbox 657 3472 822 3558; x_wconf 79' lang='lat' dir='ltr'>quondam</span> <span class='ocrx_word' id='word_1_157' title='bbox 855 3471 1006 3556; x_wconf 86' lang='lat' dir='ltr'>Orengiae</span> <span class='ocrx_word' id='word_1_158' title='bbox 1053 3471 1093 3536; x_wconf 87' lang='lat' dir='ltr'>de</span> <span class='ocrx_word' id='word_1_159' title='bbox 1124 3471 1366 3548; x_wconf 86' lang='lat' dir='ltr'>Malmesburia,</span> <span class='ocrx_word' id='word_1_160' title='bbox 1397 3473 1486 3557; x_wconf 90' lang='lat' dir='ltr'>quod</span> 
     </span>
     <span class='ocr_line' id='line_1_24' title="bbox 432 3574 1486 3663; baseline -0.003 -21"><span class='ocrx_word' id='word_1_161' title='bbox 432 3577 564 3663; x_wconf 90' lang='lat' dir='ltr'>quidem</span> <span class='ocrx_word' id='word_1_162' title='bbox 597 3575 801 3661; x_wconf 86' lang='lat' dir='ltr'>mesuagium</span> <span class='ocrx_word' id='word_1_163' title='bbox 832 3574 1009 3660; x_wconf 88' lang='lat' dir='ltr'>praedictus</span> <span class='ocrx_word' id='word_1_164' title='bbox 1032 3574 1197 3640; x_wconf 87' lang='lat' dir='ltr'>Hemicus</span> <span class='ocrx_word' id='word_1_165' title='bbox 1220 3579 1314 3660; x_wconf 86' lang='lat' dir='ltr'>pater</span> <span class='ocrx_word' id='word_1_166' title='bbox 1335 3596 1428 3640; x_wconf 91' lang='lat' dir='ltr'>meus</span> <span class='ocrx_word' id='word_1_167' title='bbox 1451 3575 1486 3639; x_wconf 92' lang='lat' dir='ltr'>in</span> 
     </span>
     <span class='ocr_line' id='line_1_25' title="bbox 432 3675 1484 3762; baseline -0.002 -18"><span class='ocrx_word' id='word_1_168' title='bbox 432 3680 571 3744; x_wconf 89' lang='lat' dir='ltr'>liberum</span> <span class='ocrx_word' id='word_1_169' title='bbox 605 3677 816 3762; x_wconf 79' lang='lat' dir='ltr'>maritagium</span> <span class='ocrx_word' id='word_1_170' title='bbox 849 3675 950 3742; x_wconf 91' lang='lat' dir='ltr'>michi</span> <span class='ocrx_word' id='word_1_171' title='bbox 986 3675 1133 3754; x_wconf 87' lang='lat' dir='ltr'>donavit,</span> <span class='ocrx_word' id='word_1_172' title='bbox 1158 3681 1192 3742; x_wconf 89' lang='lat' dir='ltr'>et</span> <span class='ocrx_word' id='word_1_173' title='bbox 1215 3681 1305 3742; x_wconf 86' lang='lat' dir='ltr'>carta</span> <span class='ocrx_word' id='word_1_174' title='bbox 1328 3699 1388 3742; x_wconf 86' lang='lat' dir='ltr'>sua</span> <span class='ocrx_word' id='word_1_175' title='bbox 1410 3699 1484 3743; x_wconf 90' lang='lat' dir='ltr'>con-</span> 
     </span>
    </p>

    <p class='ocr_par' dir='ltr' id='par_1_8' title="bbox 376 3766 1484 3865">
     <span class='ocr_line' id='line_1_26' title="bbox 376 3766 1484 3865; baseline -0.002 -19"><span class='ocrx_word' id='word_1_176' title='bbox 376 3766 381 3774; x_wconf 33' lang='lat'><strong>·</strong></span> <span class='ocrx_word' id='word_1_177' title='bbox 431 3782 601 3846; x_wconf 87' lang='lat' dir='ltr'>firmavit:</span> <span class='ocrx_word' id='word_1_178' title='bbox 633 3779 822 3846; x_wconf 87' lang='lat' dir='ltr'>habendum</span> <span class='ocrx_word' id='word_1_179' title='bbox 846 3784 881 3844; x_wconf 89' lang='lat' dir='ltr'>et</span> <span class='ocrx_word' id='word_1_180' title='bbox 913 3779 1092 3844; x_wconf 89' lang='lat' dir='ltr'>tenendum</span> <span class='ocrx_word' id='word_1_181' title='bbox 1110 3779 1247 3844; x_wconf 70' lang='lat' dir='ltr'>&#39;dictum</span> <span class='ocrx_word' id='word_1_182' title='bbox 1281 3781 1484 3865; x_wconf 82' lang='lat' dir='ltr'>mesuagium</span> 
     </span>
    </p>

    <p class='ocr_par' dir='ltr' id='par_1_9' title="bbox 431 3881 1486 3967">
     <span class='ocr_line' id='line_1_27' title="bbox 431 3881 1486 3967; baseline -0.001 -18"><span class='ocrx_word' id='word_1_183' title='bbox 431 3907 505 3950; x_wconf 89' lang='lat' dir='ltr'>eum</span> <span class='ocrx_word' id='word_1_184' title='bbox 540 3883 691 3948; x_wconf 90' lang='lat' dir='ltr'>omnibus</span> <span class='ocrx_word' id='word_1_185' title='bbox 724 3881 933 3967; x_wconf 87' lang='lat' dir='ltr'>pertinentiis</span> <span class='ocrx_word' id='word_1_186' title='bbox 968 3881 1045 3958; x_wconf 89' lang='lat' dir='ltr'>suis,</span> <span class='ocrx_word' id='word_1_187' title='bbox 1075 3882 1241 3966; x_wconf 85' lang='lat' dir='ltr'>praedictis</span> <span class='ocrx_word' id='word_1_188' title='bbox 1276 3881 1420 3947; x_wconf 87' lang='lat' dir='ltr'>Roberto</span> <span class='ocrx_word' id='word_1_189' title='bbox 1451 3890 1486 3949; x_wconf 92' lang='lat' dir='ltr'>et</span> 
     </span>
    </p>

    <p class='ocr_par' dir='ltr' id='par_1_10' title="bbox 345 3983 1484 4074">
     <span class='ocr_line' id='line_1_28' title="bbox 345 3983 1484 4074; baseline -0.003 -20"><span class='ocrx_word' id='word_1_190' title='bbox 345 4061 352 4072; x_wconf 56' lang='grc'><strong>,</strong></span> <span class='ocrx_word' id='word_1_191' title='bbox 432 3987 613 4074; x_wconf 85' lang='lat' dir='ltr'>Margeriae,</span> <span class='ocrx_word' id='word_1_192' title='bbox 637 3991 671 4050; x_wconf 87' lang='lat' dir='ltr'>et</span> <span class='ocrx_word' id='word_1_193' title='bbox 693 3983 868 4049; x_wconf 88' lang='lat' dir='ltr'>heredibus</span> <span class='ocrx_word' id='word_1_194' title='bbox 891 3985 967 4060; x_wconf 90' lang='lat' dir='ltr'>suis,</span> <span class='ocrx_word' id='word_1_195' title='bbox 992 3983 1044 4048; x_wconf 89' lang='lat' dir='ltr'>vel</span> <span class='ocrx_word' id='word_1_196' title='bbox 1068 3984 1244 4070; x_wconf 84' lang='lat' dir='ltr'>assignatis</span> <span class='ocrx_word' id='word_1_197' title='bbox 1270 3985 1345 4061; x_wconf 88' lang='lat' dir='ltr'>suis,</span> <span class='ocrx_word' id='word_1_198' title='bbox 1370 3985 1410 4050; x_wconf 88' lang='lat' dir='ltr'>de</span> <span class='ocrx_word' id='word_1_199' title='bbox 1433 4009 1484 4052; x_wconf 91' lang='lat' dir='ltr'>me</span> 
     </span>
    </p>

    <p class='ocr_par' dir='ltr' id='par_1_11' title="bbox 429 4085 1484 4275">
     <span class='ocr_line' id='line_1_29' title="bbox 431 4085 1484 4172; baseline -0.003 -16"><span class='ocrx_word' id='word_1_200' title='bbox 431 4096 465 4156; x_wconf 87' lang='lat' dir='ltr'>et</span> <span class='ocrx_word' id='word_1_201' title='bbox 487 4089 662 4154; x_wconf 83' lang='lat' dir='ltr'>heredibus</span> <span class='ocrx_word' id='word_1_202' title='bbox 692 4086 782 4162; x_wconf 90' lang='lat' dir='ltr'>meis,</span> <span class='ocrx_word' id='word_1_203' title='bbox 805 4085 889 4150; x_wconf 88' lang='lat' dir='ltr'>bene</span> <span class='ocrx_word' id='word_1_204' title='bbox 912 4091 946 4150; x_wconf 89' lang='lat' dir='ltr'>et</span> <span class='ocrx_word' id='word_1_205' title='bbox 968 4085 1003 4148; x_wconf 91' lang='lat' dir='ltr'>in</span> <span class='ocrx_word' id='word_1_206' title='bbox 1026 4106 1115 4171; x_wconf 89' lang='lat' dir='ltr'>pace,</span> <span class='ocrx_word' id='word_1_207' title='bbox 1137 4085 1247 4163; x_wconf 87' lang='lat' dir='ltr'>libere,</span> <span class='ocrx_word' id='word_1_208' title='bbox 1271 4087 1390 4170; x_wconf 89' lang='lat' dir='ltr'>quiete,</span> <span class='ocrx_word' id='word_1_209' title='bbox 1408 4088 1484 4172; x_wconf 87' lang='lat' dir='ltr'>jure</span> 
     </span>
     <span class='ocr_line' id='line_1_30' title="bbox 429 4188 1482 4275; baseline 0 -19"><span class='ocrx_word' id='word_1_210' title='bbox 429 4192 628 4258; x_wconf 88' lang='lat' dir='ltr'>hereditario</span> <span class='ocrx_word' id='word_1_211' title='bbox 678 4192 943 4275; x_wconf 75' lang='lat' dir='ltr'>imperpetuum:</span> <span class='ocrx_word' id='word_1_212' title='bbox 989 4189 1156 4254; x_wconf 89' lang='lat' dir='ltr'>reddendo</span> <span class='ocrx_word' id='word_1_213' title='bbox 1195 4188 1271 4254; x_wconf 89' lang='lat' dir='ltr'>inde</span> <span class='ocrx_word' id='word_1_214' title='bbox 1309 4192 1482 4256; x_wconf 88' lang='lat' dir='ltr'>annuatim</span> 
     </span>
    </p>

    <p class='ocr_par' dir='ltr' id='par_1_12' title="bbox 429 4291 1483 4381">
     <span class='ocr_line' id='line_1_31' title="bbox 429 4291 1483 4381; baseline 0.001 -22"><span class='ocrx_word' id='word_1_215' title='bbox 429 4296 493 4381; x_wconf 91' lang='lat' dir='ltr'>ipsi</span> <span class='ocrx_word' id='word_1_216' title='bbox 517 4301 551 4360; x_wconf 93' lang='lat' dir='ltr'>et</span> <span class='ocrx_word' id='word_1_217' title='bbox 573 4294 707 4358; x_wconf 88' lang='lat' dir='ltr'>heredes</span> <span class='ocrx_word' id='word_1_218' title='bbox 730 4291 790 4369; x_wconf 90' lang='lat' dir='ltr'>sui,</span> <span class='ocrx_word' id='word_1_219' title='bbox 813 4291 895 4355; x_wconf 88' lang='lat' dir='ltr'>mihi</span> <span class='ocrx_word' id='word_1_220' title='bbox 919 4297 953 4357; x_wconf 86' lang='lat' dir='ltr'>et</span> <span class='ocrx_word' id='word_1_221' title='bbox 976 4291 1151 4357; x_wconf 88' lang='lat' dir='ltr'>heredibus</span> <span class='ocrx_word' id='word_1_222' title='bbox 1174 4292 1263 4369; x_wconf 90' lang='lat' dir='ltr'>meis,</span> <span class='ocrx_word' id='word_1_223' title='bbox 1287 4313 1391 4357; x_wconf 89' lang='lat' dir='ltr'>unum</span> <span class='ocrx_word' id='word_1_224' title='bbox 1407 4295 1483 4360; x_wconf 90' lang='lat' dir='ltr'>obo-</span> 
     </span>
    </p>

    <p class='ocr_par' dir='ltr' id='par_1_13' title="bbox 430 4393 1483 4580">
     <span class='ocr_line' id='line_1_32' title="bbox 430 4393 1483 4474; baseline 0 -12"><span class='ocrx_word' id='word_1_225' title='bbox 430 4397 500 4462; x_wconf 89' lang='lat' dir='ltr'>lum</span> <span class='ocrx_word' id='word_1_226' title='bbox 532 4397 568 4461; x_wconf 92' lang='lat' dir='ltr'>in</span> <span class='ocrx_word' id='word_1_227' title='bbox 590 4395 733 4474; x_wconf 81' lang='lat' dir='ltr'>Pascha3</span> <span class='ocrx_word' id='word_1_228' title='bbox 756 4399 790 4460; x_wconf 87' lang='lat' dir='ltr'>et</span> <span class='ocrx_word' id='word_1_229' title='bbox 823 4394 957 4458; x_wconf 90' lang='lat' dir='ltr'>domino</span> <span class='ocrx_word' id='word_1_230' title='bbox 988 4393 1101 4458; x_wconf 87' lang='lat' dir='ltr'>abbati</span> <span class='ocrx_word' id='word_1_231' title='bbox 1136 4393 1378 4460; x_wconf 86' lang='lat' dir='ltr'>Malmesburiae</span> <span class='ocrx_word' id='word_1_232' title='bbox 1409 4402 1483 4462; x_wconf 88' lang='lat' dir='ltr'>octo</span> 
     </span>
     <span class='ocr_line' id='line_1_33' title="bbox 430 4494 1483 4580; baseline -0.001 -17"><span class='ocrx_word' id='word_1_233' title='bbox 430 4498 582 4564; x_wconf 89' lang='lat' dir='ltr'>denarios</span> <span class='ocrx_word' id='word_1_234' title='bbox 606 4499 642 4560; x_wconf 94' lang='lat' dir='ltr'>in</span> <span class='ocrx_word' id='word_1_235' title='bbox 677 4497 760 4561; x_wconf 79' lang='lat' dir='ltr'>festo</span> <span class='ocrx_word' id='word_1_236' title='bbox 784 4495 898 4560; x_wconf 85' lang='lat' dir='ltr'>Sancti</span> <span class='ocrx_word' id='word_1_237' title='bbox 921 4494 1121 4580; x_wconf 79' lang='lat' dir='ltr'>Augustini3</span> <span class='ocrx_word' id='word_1_238' title='bbox 1144 4500 1179 4559; x_wconf 89' lang='lat' dir='ltr'>et</span> <span class='ocrx_word' id='word_1_239' title='bbox 1212 4495 1400 4580; x_wconf 84' lang='lat' dir='ltr'>gardinario</span> <span class='ocrx_word' id='word_1_240' title='bbox 1426 4497 1483 4562; x_wconf 63' lang='lat' dir='ltr'>ab</span> 
     </span>
    </p>

    <p class='ocr_par' dir='ltr' id='par_1_14' title="bbox 429 4597 1482 4779">
     <span class='ocr_line' id='line_1_34' title="bbox 431 4597 1482 4683; baseline -0.002 -17"><span class='ocrx_word' id='word_1_241' title='bbox 431 4601 531 4666; x_wconf 74' lang='lat' dir='ltr'>batiae</span> <span class='ocrx_word' id='word_1_242' title='bbox 565 4599 806 4664; x_wconf 84' lang='lat' dir='ltr'>Malmesburiae</span> <span class='ocrx_word' id='word_1_243' title='bbox 833 4598 891 4683; x_wconf 93' lang='lat' dir='ltr'>qui</span> <span class='ocrx_word' id='word_1_244' title='bbox 922 4620 981 4683; x_wconf 92' lang='lat' dir='ltr'>pro</span> <span class='ocrx_word' id='word_1_245' title='bbox 1020 4603 1167 4682; x_wconf 87' lang='lat' dir='ltr'>tempore</span> <span class='ocrx_word' id='word_1_246' title='bbox 1204 4597 1306 4662; x_wconf 88' lang='lat' dir='ltr'>fuerit</span> <span class='ocrx_word' id='word_1_247' title='bbox 1339 4605 1482 4683; x_wconf 86' lang='lat' dir='ltr'>quatuor</span> 
     </span>
     <span class='ocr_line' id='line_1_35' title="bbox 429 4699 1480 4779; baseline -0.002 -9"><span class='ocrx_word' id='word_1_248' title='bbox 429 4702 580 4770; x_wconf 85' lang='lat' dir='ltr'>denarios</span> <span class='ocrx_word' id='word_1_249' title='bbox 602 4702 638 4766; x_wconf 91' lang='lat' dir='ltr'>in</span> <span class='ocrx_word' id='word_1_250' title='bbox 661 4701 773 4766; x_wconf 88' lang='lat' dir='ltr'>eodem</span> <span class='ocrx_word' id='word_1_251' title='bbox 797 4700 901 4779; x_wconf 87' lang='lat' dir='ltr'>festo;</span> <span class='ocrx_word' id='word_1_252' title='bbox 923 4699 1023 4766; x_wconf 90' lang='lat' dir='ltr'>etad</span> <span class='ocrx_word' id='word_1_253' title='bbox 1046 4700 1321 4765; x_wconf 67' lang='lat' dir='ltr'>sustentationem</span> <span class='ocrx_word' id='word_1_254' title='bbox 1352 4703 1480 4768; x_wconf 85' lang='lat' dir='ltr'>servicii</span> 
     </span>
    </p>
   </div>
   <div class='ocr_carea' id='block_1_6' title="bbox 430 4800 1480 4884">
    <p class='ocr_par' dir='ltr' id='par_1_15' title="bbox 430 4800 1480 4884">
     <span class='ocr_line' id='line_1_36' title="bbox 430 4800 1480 4884; baseline -0.003 -10"><span class='ocrx_word' id='word_1_255' title='bbox 430 4807 542 4874; x_wconf 70' lang='lat' dir='ltr'>Beate</span> <span class='ocrx_word' id='word_1_256' title='bbox 575 4805 689 4872; x_wconf 82' lang='lat' dir='ltr'>Mariae</span> <span class='ocrx_word' id='word_1_257' title='bbox 721 4804 757 4868; x_wconf 92' lang='lat' dir='ltr'>in</span> <span class='ocrx_word' id='word_1_258' title='bbox 794 4803 928 4870; x_wconf 87' lang='lat' dir='ltr'>ecelesia</span> <span class='ocrx_word' id='word_1_259' title='bbox 961 4801 1057 4867; x_wconf 85' lang='lat' dir='ltr'>Beati</span> <span class='ocrx_word' id='word_1_260' title='bbox 1094 4800 1190 4866; x_wconf 88' lang='lat' dir='ltr'>Pauli</span> <span class='ocrx_word' id='word_1_261' title='bbox 1229 4801 1480 4884; x_wconf 78' lang='lat' dir='ltr'>Mnlmesburire,</span> 
     </span>
    </p>
   </div>
   <div class='ocr_carea' id='block_1_7' title="bbox 0 0 1788 5820">
    <p class='ocr_par' dir='ltr' id='par_1_16' title="bbox 0 0 1788 5820">
     <span class='ocr_line' id='line_1_37' title="bbox 0 0 1788 5820; baseline 0 4"><span class='ocrx_word' id='word_1_262' title='bbox 0 0 1788 5820; x_wconf 95' lang='lat' dir='ltr'> </span> 
     </span>
    </p>
   </div>
  </div>
 </body>
</html>
