3566 5820
564 921 764 974 armannum
788 921 1112 974 nannnsnuamusu.
1299 904 1364 969 125
1444 915 1457 943 ·

311 1113 390 1180 forti
413 1113 454 1180 de
477 1111 648 1198 Farnlcye,
664 1111 822 1199 magistro
845 1109 987 1176 Ricardo
1010 1110 1051 1174 de
1073 1107 1201 1186 Stanes,
1217 1114 1252 1174 et
1275 1106 1367 1173 Hen-

313 1215 378 1280 rioo
402 1215 443 1279 de
465 1214 722 1290 Wollavintone,
741 1211 938 1299 justiciariis
968 1211 1214 1289 itinerantibus,
1237 1215 1271 1276 et
1292 1209 1368 1275 aliis

313 1316 438 1381 domini
476 1315 563 1402 regie
600 1314 763 1392 fidelibusr,
801 1319 882 1380 tnnc
919 1314 967 1379 ibi
1005 1313 1244 1400 praesentibus;
1281 1314 1370 1378 inter

314 1417 518 1484 Willelmum
541 1417 696 1484 abbatem
734 1417 775 1483 de
810 1416 1054 1493 Malmesburia,
1077 1420 1278 1501 querentem,
1311 1435 1369 1500 per

313 1520 542 1586 Alexandrum
565 1519 606 1585 de
629 1519 875 1596 Malmesburia,
898 1518 1045 1604 positum
1077 1516 1148 1584 loeo
1171 1537 1230 1582 suo
1252 1516 1297 1582 ad
1318 1516 1368 1580 lu-

314 1623 473 1688 crandum
495 1623 550 1689 vel
573 1622 785 1709 perdendum,
809 1627 844 1688 et
875 1621 1072 1708 magistrum
1105 1620 1304 1686 Nioholaum
1327 1618 1368 1685 de

314 1724 558 1804 Malmeaburia,
573 1723 818 1802 deforciantem,
833 1745 892 1810 per
914 1723 1094 1790 Ricardum
1117 1722 1260 1789 Freman
1281 1722 1369 1809 posi·

315 1835 388 1892 tum
410 1828 481 1896 looo
507 1847 566 1894 suo
596 1828 640 1894 ad
671 1826 867 1894 lucrandum
890 1828 945 1892 vel
977 1826 1200 1912 perdendum
1238 1825 1278 1891 de
1301 1845 1370 1889 una

315 1937 468 1996 camonia
489 1935 586 1996 tanae
609 1951 684 1996 cum
709 1929 920 2016 pertinentiis
942 1929 979 1994 in
1002 1927 1259 2008 Foweleswik03
1280 1925 1470 1994 undet-21⁰.

314 2031 473 2118 placitum
508 2031 737 2098 conventionis
771 2031 1008 2098 summonitnm
1041 2030 1109 2116 fuit
1140 2029 1229 2096 inter
1258 2049 1312 2096 eos
1334 2029 1370 2094 in

315 2135 430 2201 eadem
452 2135 562 2202 curia:
585 2134 719 2216 scilicet,
743 2135 832 2219 quod
860 2135 1019 2220 magister
1048 2133 1232 2201 Nicholaus
1261 2153 1370 2219 recog-

315 2240 411 2306 novit
433 2239 624 2326 praedictam
647 2244 769 2306 terram
791 2260 866 2305 cum
897 2238 1115 2324 pertinentiis,
1138 2243 1178 2304 ut
1207 2238 1245 2302 in
1267 2237 1371 2302 domi-

315 2342 408 2420 nicis
430 2341 616 2429 menmgiie,
631 2340 802 2428 homagiis,
818 2340 966 2406 serviciis
989 2339 1167 2406 liberomm
1190 2339 1370 2417 hominum,

316 2442 553 2529 villenagium‚¹
586 2443 718 2519 wardia,
745 2441 885 2520 releviis,
908 2440 1076 2520 eschaetis,
1111 2441 1226 2520 boscis,
1258 2441 1370 2527 pratis,

316 2547 469 2631 pasturis,
485 2545 559 2622 viis,
574 2545 710 2623 semitis,
734 2545 838 2630 aquis,
861 2544 998 2632 stagnis,
1021 2543 1228 2622 molendinis,
1251 2545 1287 2608 ot
1302 2563 1371 2608 om·

316 2647 415 2712 nibus
437 2647 512 2712 aliis
541 2647 639 2713 rebus
669 2646 714 2714 ad
739 2647 934 2733 praedictam
964 2651 1086 2712 terram
1116 2645 1370 2732 pertinentibus,

316 2771 386 2816 esse
416 2750 472 2836 jus
505 2749 610 2836 ipsius
641 2750 781 2828 abbatis,
804 2755 838 2816 et
871 2748 1013 2816 molesios
1047 2770 1116 2815 suaa
1149 2747 1263 2816 Sancti
1289 2748 1371 2814 Ald-

316 2851 418 2918 helmi
441 2851 693 2930 Malmesburiae,
717 2857 758 2918 ut
791 2851 883 2918 illam
906 2873 1006 2938 quam
1029 2852 1117 2918 idem
1139 2852 1241 2918 abbas
1264 2857 1299 2916 et
1321 2871 1371 2917 ec-

316 2955 415 3020 clesia
436 2975 497 3020 sua
518 2954 685 3040 praedicta,
702 2955 743 3020 dc
766 2954 973 3040 dono'ipsius
989 2954 1164 3040 Nicholey,
1180 2953 1371 3019 habendum

318 3063 354 3122 et
374 3056 556 3122 tenendum
586 3056 693 3121 eidem
719 3055 834 3122 abbati
866 3061 901 3122 et
932 3055 1172 3122 successoribus
1206 3055 1274 3120 suis
1309 3055 1370 3140 [et]

318 3159 423 3224 eidem
448 3158 591 3226 ecclesiae
614 3179 682 3224 suae
705 3158 881 3244 praedictae,
905 3159 945 3224 de
973 3159 1130 3246 praedicto
1153 3157 1315 3226 Nicholao
1338 3163 1373 3224 et

318 3259 494 3325 heredibus
517 3260 593 3338 suis,
612 3259 649 3324 in
663 3259 802 3326 liberam
817 3266 853 3326 et
868 3264 1060 3347 perpetuam
1076 3261 1294 3338 elemosinam,
1311 3261 1372 3324 im·

319 3367 536 3449 perpetuum
563 3363 757 3428 sustinendo
789 3363 868 3428 inde
899 3383 1004 3427 unum
1027 3361 1234 3449 capellanum
1257 3364 1373 3430 divina

319 3465 539 3531 celebrantem
562 3465 599 3530 in
628 3465 755 3550 capella
783 3463 823 3530 dc
853 3463 889 3532 lo
922 3463 1091 3532 camme
1121 3465 1372 3546 Malmesbun'ae,

320 3589 378 3652 pro
400 3567 563 3644 fidelibus,
578 3567 841 3654 imperpetuum3
862 3571 897 3632 et
911 3566 1061 3634 faciendo
1076 3567 1153 3634 inde
1175 3569 1373 3655 capitalibus

320 3669 463 3734 dominis
485 3667 575 3735 leodi
599 3668 698 3747 illius,
721 3690 782 3756 pro
820 3669 978 3756 praedicto
1002 3669 1165 3738 Nicholao
1188 3676 1223 3736 et
1245 3665 1372 3738 heredi-

321 3773 382 3837 bus
404 3771 852 3857 eunomianorumque
875 3772 919 3838 ad
940 3772 1132 3858 praedictam
1157 3780 1278 3842 terram
1300 3797 1374 3862 per·

321 3875 438 3952 tinent,
471 3895 531 3961 pro
562 3873 653 3938 omni
686 3873 833 3951 servicio,
867 3875 1102 3942 consuetudine
1135 3881 1169 3942 et
1202 3879 1374 3944 exactione

322 3976 466 4042 seculari.
524 3975 569 4042 Et
591 3975 770 4062 praedictus
784 4060 789 4070 ,
802 3975 984 4043 Nicholaus
1016 3983 1051 4043 et
1073 3977 1207 4044 heredes
1230 3981 1282 4045 sui
1305 4001 1374 4047 wa-

323 4079 536 4145 rantizabunt
557 4079 664 4144 eidem
686 4077 809 4157 abbati,
833 4084 867 4144 et
896 4079 1136 4146 successoribus
1165 4081 1242 4160 suis,
1266 4088 1301 4148 et
1323 4105 1374 4150 ec-

322 4180 427 4246 elesius
451 4201 519 4246 sure
541 4179 717 4267 praedictae,
739 4181 932 4266 praedictam
965 4187 1087 4248 terram
1108 4204 1184 4249 cum
1206 4184 1374 4270 pertinen·

322 4284 387 4360 tiis,
410 4284 447 4347 in
469 4283 607 4350 liberam
639 4288 676 4349 et
708 4290 903 4370 perpetuam
938 4284 1159 4364 elemosinam,
1182 4285 1269 4352 sicut
1291 4309 1374 4374 prae-

324 4386 448 4452 dictum
480 4391 538 4463 est,
576 4407 635 4472 per
672 4384 866 4472 praedictum
905 4387 1088 4465 servicium,
1110 4393 1226 4454 eontra
1263 4411 1374 4456 omnes

323 4487 481 4564 homines,
504 4488 756 4576 imperpetuum.
804 4489 848 4554 Et
870 4490 1048 4575 praedictus
1079 4489 1205 4558 abbas¹
1237 4498 1272 4560 et
1302 4515 1374 4560 suc·

323 4613 462 4658 cessores
501 4591 561 4669 eui,
603 4595 637 4656 et
681 4591 816 4658 ecclesia
853 4612 914 4658 sua
958 4592 1124 4678 praedicta,
1163 4596 1375 4662 sustinebunt

357 4838 535 4894 1ΒίοἰιιΜΒ.
620 4791 629 4804 ι
848 4839 854 4908 Ι
901 4841 1243 4909 nonaullam.
