3526 5810
265 1158 343 1208 Park.

432 894 497 957 230
685 905 883 956 nnonrnun
906 901 1229 954 umunsnunrnnsn

263 1091 399 1142 narcole
431 1088 528 1153 cardo
551 1087 684 1154 Pinnok
716 1090 757 1154 de
780 1090 970 1156 Boruhtone
1001 1089 1074 1155 illas
1106 1093 1232 1175 septem
1263 1107 1354 1154 acras
1385 1089 1481 1150 terrae

430 1190 572 1268 arabilis,
590 1212 664 1276 quae
683 1191 796 1277 jacent
817 1194 854 1258 in
876 1194 1000 1280 eampis
1022 1193 1063 1258 de
1086 1191 1276 1258 Boruhtone
1299 1194 1334 1255 et
1355 1188 1481 1253 Thorn-

430 1292 528 1371 hulle‚
552 1296 587 1358 et
618 1314 700 1378 quas
729 1293 899 1361 Johannes
930 1296 961 1360 le
992 1296 1108 1361 Portet
1140 1294 1235 1359 nobis
1268 1315 1327 1380 per
1357 1295 1482 1358 cartam

430 1416 524 1460 suam
558 1395 659 1460 dedit.
689 1383 862 1476 ¹Quarum
894 1398 968 1463 duae
999 1389 1082 1463 acrae
1116 1397 1229 1482 jacent
1265 1396 1302 1460 in
1339 1394 1480 1480 quadam

431 1498 535 1564 crofta
560 1495 662 1583 juxta
684 1502 910 1564 tenementum
934 1501 1099 1586 quondam
1123 1499 1260 1564 Roberti
1281 1498 1313 1563 le
1336 1497 1481 1581 Carpen-

431 1606 482 1665 ter
508 1622 622 1666 versus
655 1603 875 1684 occidentem;
898 1626 966 1670 una
996 1603 1136 1669 dimidia
1166 1624 1242 1668 aera
1272 1601 1423 1666 extendit
1445 1623 1480 1664 sc

430 1723 543 1768 versus
575 1708 697 1769 terram
720 1703 878 1769 Willelmi
901 1705 932 1770 le
964 1706 1096 1784 Parker,
1124 1706 1212 1770 inter
1243 1710 1364 1769 terram
1396 1723 1479 1789 prae-

430 1805 511 1870 dicti
545 1805 679 1871 Rioardi
713 1805 845 1872 Pinnok
882 1811 916 1872 et
953 1812 1074 1874 terram
1112 1807 1270 1872 Willelmi
1307 1805 1338 1871 le
1372 1803 1478 1869 Frere.

431 1904 525 1984 Item,
549 1907 689 1971 dimidia
710 1928 786 1974 acra
808 1930 882 1994 quae
904 1914 1042 1974 vocatur
1069 1909 1223 1986 tellam,
1247 1908 1335 1972 inter
1356 1912 1479 1972 terrem

338 1993 340 2000 ¹
430 2009 567 2074 Roberti
598 2009 781 2076 Woderove
813 2017 847 2076 et
877 2017 998 2078 terram
1030 2012 1147 2078 Aliciae
1179 2012 1220 2076 de
1251 2012 1285 2076 la
1306 2011 1413 2075 Grene
1443 2009 1479 2073 in

429 2112 551 2197 campis
575 2113 615 2177 de
638 2112 828 2179 Boruhtone
840 2139 848 2194 ;
871 2121 905 2181 et
927 2137 995 2181 una
1016 2137 1092 2181 sera
1118 2116 1206 2201 jacet
1233 2119 1320 2179 retro
1342 2112 1479 2180 croftam

430 2215 531 2279 Alani
565 2216 606 2280 de
629 2215 850 2296 Thornhulle3
872 2222 907 2281 et
929 2239 996 2282 una
1017 2239 1094 2283 acra
1110 2217 1201 2303 jacet
1223 2216 1309 2280 infra
1331 2216 1478 2282 clausum

424 2317 525 2402 juxte
546 2318 637 2383 viam
660 2340 734 2402 quae
756 2341 791 2383 se
814 2307 965 2384 ostendit
991 2320 1027 2384 in
1049 2320 1185 2406 longum
1206 2341 1319 2384 versus
1342 2317 1479 2383 croftam

430 2419 566 2486 Roberti
588 2419 734 2504 Kempe;
756 2425 791 2485 et
813 2421 888 2487 duae
910 2443 994 2487 acres
1015 2422 1106 2508 apud
1121 2421 1260 2506 Fulinge
1282 2425 1370 2486 retro
1392 2419 1479 2485 olau-

429 2543 502 2588 sum
537 2521 696 2588 Hawisiae
729 2522 760 2598 le
792 2523 873 2610 Geg.
933 2524 1112 2590 Habendas
1144 2529 1179 2590 et
1216 2523 1374 2588 tenendas
1396 2543 1479 2608 prae·

429 2627 535 2690 dictes
568 2629 693 2710 septem
726 2647 817 2692 aues
851 2631 947 2692 tenae
978 2649 1053 2693 cum
1075 2627 1284 2713 pertinentiis
1306 2626 1374 2690 suis
1396 2645 1479 2710 pree-

430 2719 519 2793 dicto
538 2728 679 2793 Rioardo
702 2733 737 2793 et
758 2727 932 2794 heredibus
955 2729 1010 2794 vel
1031 2730 1206 2816 assignatis
1230 2730 1305 2806 suis,
1322 2729 1362 2792 de
1385 2727 1479 2792 nobis

430 2836 465 2895 et
487 2831 724 2898 successoribus
746 2831 876 2910 nostris,
898 2833 1008 2909 libere,
1034 2834 1153 2918 quiete,
1175 2833 1259 2898 bene
1282 2837 1315 2897 et
1342 2832 1378 2895 in
1401 2851 1479 2917 pace

430 2933 680 3021 imperpetuum.
727 2933 907 3000 Reddendo
933 2936 1106 3001 annuatim
1129 2936 1318 3021 coquinario
1341 2955 1480 3000 conven-

428 3040 485 3099 tus
508 3037 565 3121 qui
598 3057 657 3121 pro
688 3041 835 3122 tempore
867 3037 975 3114 fircrit,
1014 3059 1074 3123 pro
1108 3037 1205 3103 dictis
1237 3037 1364 3101 duabus
1396 3037 1479 3102 acris

428 3141 526 3202 terrae
543 3136 645 3222 juxta
667 3142 893 3202 tenementum
915 3139 1065 3224 praedicti
1088 3137 1223 3204 Roberti
1247 3139 1278 3203 le
1300 3138 1480 3224 Carpenter

419 3245 464 3305 et
494 3234 622 3305 duabus
645 3240 791 3304 dimidiis
816 3241 900 3306 acris
924 3241 1162 3329 suprascriptis,
1185 3241 1307 3327 viginti
1329 3241 1479 3306 denarios

428 3343 470 3408 ad
495 3349 636 3428 quatuor
658 3344 738 3408 anni
760 3345 936 3408 terminos:
958 3344 1122 3422 videlicet,
1156 3344 1199 3409 ad
1221 3345 1341 3410 festum
1366 3343 1479 3408 Sancti

428 3445 598 3511 Michaelis
621 3445 766 3530 quinque
801 3446 959 3525 denarios,
983 3446 1026 3511 ed
1055 3446 1177 3511 festum
1201 3445 1314 3512 Sancti
1337 3446 1478 3510 Andreae

428 3549 574 3633 quinque
614 3547 773 3624 denarios,
806 3549 849 3612 ad
892 3548 1014 3613 festum
1051 3547 1328 3613 Annunciationis
1365 3548 1479 3612 Beatae

352 3671 358 3682 ·
428 3653 543 3718 Mariae
563 3653 709 3738 quinque
724 3652 880 3729 denarios,
904 3657 939 3717 et
960 3653 1004 3718 ad
1025 3652 1147 3717 festum
1167 3652 1367 3717 Natiuitatis
1383 3651 1479 3716 Beati

426 3755 450 3820 J
451 3754 590 3820 ohannis
636 3753 797 3840 Baptistae
841 3754 986 3839 quinque
1029 3755 1188 3834 denarios,
1223 3759 1257 3819 et
1303 3753 1478 3820 heredibus

428 3857 577 3924 Metildis
599 3857 633 3922 la
654 3858 845 3924 Braceresce
867 3880 926 3944 pro
944 3863 1033 3923 terra
1047 3859 1089 3923 de
1111 3857 1252 3944 Fulinge
1274 3881 1378 3923 unum
1402 3859 1479 3923 obo-

427 3962 506 4038 lum,
528 3982 588 4047 pro
622 3961 711 4025 omni
741 3960 878 4025 servicio
901 3959 1038 4025 seculari
1061 3965 1095 4025 et
1117 3961 1286 4026 demanda
1332 3960 1395 4026 Pro
1416 3960 1478 4026 hac

427 4068 539 4128 autem
573 4062 749 4128 donatione
781 4067 815 4126 et
848 4063 1052 4128 concessione
1085 4067 1198 4127 nostra
1231 4063 1357 4127 remisit
1383 4063 1478 4127 nobis

428 4167 604 4250 praedictus
639 4166 806 4242 RicarduS,
829 4187 889 4250 pro
920 4187 954 4229 se
986 4171 1020 4230 et
1051 4164 1226 4230 heredibus
1258 4165 1334 4242 suis,
1369 4172 1477 4230 totum

424 4269 481 4355 jus
513 4273 547 4332 et
578 4269 732 4334 clamium
765 4268 855 4353 quod
887 4267 1004 4332 habuit
1030 4268 1084 4333 vel
1106 4269 1217 4353 aliquo
1240 4268 1336 4333 modo
1359 4269 1477 4333 habere

428 4370 538 4457 potuit
568 4370 604 4432 in
638 4369 704 4432 illis
736 4375 861 4454 septem
898 4370 981 4434 acris
1012 4375 1117 4448 terrae,
1141 4391 1215 4456 quee
1248 4370 1360 4454 jacent
1391 4371 1479 4436 inter

427 4474 516 4536 viam
551 4494 625 4556 quse
657 4493 691 4534 se
723 4472 815 4536 ducit
838 4493 952 4536 versus
984 4473 1209 4536 molendinum
1232 4473 1272 4536 de
1296 4472 1478 4538 Schoteles-

427 4576 506 4638 bure
530 4580 564 4639 et
594 4595 726 4638 murum
758 4575 848 4659 parci
882 4574 922 4639 de
956 4575 1115 4651 Ooufaud,
1138 4580 1237 4661 prout
1269 4575 1383 4660 quieta
1413 4575 1477 4640 cla·

426 4678 553 4742 mantia
583 4677 660 4742 indo
694 4676 788 4741 nobis
822 4677 969 4742 confecta
1001 4676 1131 4762 plenius
1154 4683 1304 4745 testatur.
1350 4678 1395 4742 Et
1416 4699 1476 4742 nos

425 4785 459 4845 et
481 4801 677 4846 successores
699 4781 803 4845 nostri
825 4780 997 4864 praedictas
1020 4785 1145 4865 septem
1169 4803 1259 4848 acras
1282 4787 1378 4846 terrae
1400 4800 1474 4848 cum
