3566 5820
542 982 739 1032 REGISTRUM
761 979 1077 1030 stuuulusuuuruusu

291 1172 475 1258 Hockeday
496 1171 580 1236 duos
603 1169 730 1235 solidos.
779 1169 832 1234 Ita
859 1168 947 1254 quod
979 1167 1154 1254 praedictus
1187 1165 1289 1232 abbas
1312 1169 1346 1231 et

291 1279 361 1362 ejus
384 1296 581 1341 successores
604 1274 772 1340 occasione
794 1273 885 1336 turni
909 1271 1068 1358 praedicti,
1086 1271 1150 1334 nisi
1173 1271 1347 1355 praedictos

292 1384 433 1465 quatuor
456 1377 576 1442 solidos
599 1377 641 1442 ab
673 1376 795 1440 eisdem
823 1373 1011 1438 hominibus
1034 1374 1162 1458 possint
1196 1373 1347 1458 exigere;

292 1483 392 1547 salvis
415 1487 528 1546 temen
550 1480 656 1545 eidem
686 1479 800 1544 abbati
824 1477 951 1562 atejus
975 1477 1219 1552 suecessoribus,
1243 1476 1346 1540 omni·

294 1586 355 1649 bus
384 1584 531 1669 querelis
567 1589 601 1648 et
635 1581 766 1668 placitis
798 1580 921 1666 apertis
952 1580 996 1644 ad
1030 1579 1218 1644 libertatem
1253 1600 1345 1644 suam

292 1687 537 1773 pertinentibus
560 1686 600 1750 de
623 1684 790 1770 praedictis
820 1682 1009 1747 homiuibus
1033 1683 1073 1746 cle
1097 1681 1248 1766 Ehsleye,
1272 1703 1345 1766 quae

293 1789 335 1854 ad
358 1788 567 1852 hundredum
600 1808 697 1850 suum
720 1786 761 1849 de
794 1783 1027 1848 Malmesburia
1059 1784 1180 1847 debent
1203 1803 1345 1868 praesen-

296 1891 367 1969 tari,
390 1897 424 1954 et
455 1890 578 1954 ibidem
613 1887 772 1974 placitari.
829 1887 869 1949 In
902 1887 995 1970 cujus
1034 1886 1080 1950 rei
1118 1885 1345 1950 testimonium

294 1993 355 2058 hoc
378 1992 536 2078 seriptum
561 1992 596 2055 in
627 1991 761 2056 modum
784 1989 980 2074 cyrographi
1008 1989 1095 2052 inter
1128 2009 1183 2051 eos
1216 1987 1344 2052 confec-

294 2102 367 2161 tum
390 2101 448 2172 est,
473 2101 507 2158 et
529 2093 646 2180 sigillis
670 2093 737 2157 suis
761 2091 950 2157 alternatim
973 2091 1169 2156 roboratum.

690 2443 768 2509 Ore.
794 2443 957 2510 ΟΟΟΧΙΙ.

328 2625 431 2692 Carta
452 2624 585 2690 cernitis
607 2623 781 2709 Hareforjd’
805 2623 845 2687 dc
868 2629 960 2687 terro
982 2622 1022 2688 de
1047 2623 1192 2688 [beurere
1211 2647 1317 2711 prope

765 2726 883 2791 Eecote.

343 2903 456 2970 Sciant
487 2907 662 2988 presentes
686 2908 719 2966 et
742 2902 846 2966 futuri
880 2904 968 2987 quod
1002 2926 1062 2990 ego
1086 2904 1273 2970 Hunfridus
1308 2905 1348 2970 de
1363 2902 1483 2980 Graecos

298 3007 416 3072 Bohun
454 3026 560 3070 comes
594 3004 774 3082 Hereford',
814 3005 965 3082 Essexiae,
1010 3014 1044 3072 et
1087 3007 1348 3073 constabularius
1361 2971 1421 3086 iffi
1432 2985 1509 3085 lgr*

297 3101 435 3196 Angliae,
452 3107 537 3184 dedi,
560 3109 711 3184 concessi,
735 3114 769 3172 et
792 3107 853 3172 hac
881 3110 1035 3194 praesenti
1060 3116 1150 3175 carta
1176 3133 1250 3175 mea
1273 3103 1490 3180 con-themu

297 3211 436 3288 firmavi,
452 3231 511 3296 pro
535 3209 640 3273 salute
655 3210 774 3274 annuae
798 3231 878 3274 meae
895 3216 929 3274 et
952 3211 1099 3275 Matildis
1125 3212 1236 3275 trxoris
1257 3233 1348 3290 meae,
1360 3169 1487 3287 ropgtpfan

298 3321 332 3380 et
365 3335 425 3402 pro
462 3313 636 3377 animabus
668 3313 772 3397 patris
804 3319 839 3378 et
860 3313 976 3378 matris
1009 3337 1099 3390 mere,
1134 3320 1168 3380 et
1200 3316 1448 3380 omniumr-22⁹·

298 3423 538 3484 antecessorum
561 3436 716 3491 meorum,
732 3415 767 3478 in
789 3415 934 3492 liberam,
959 3437 1074 3502 puram
1098 3422 1132 3482 et
1154 3423 1353 3504 perpetuam

299 3521 509 3586 elemosinam
532 3517 603 3583 Deo
634 3522 668 3582 et
690 3516 833 3583 ecclesiae
856 3518 971 3584 Sancti
1002 3519 1169 3584 Aldhelmi
1201 3521 1241 3586 de
1264 3520 1346 3586 Mal-

299 3623 471 3698 mestuus,
495 3627 529 3686 et
551 3619 684 3685 domino
709 3619 872 3685 Willelmo
895 3621 1017 3698 abbati,
1041 3627 1075 3687 et
1097 3622 1265 3688 monachis
1287 3624 1348 3689 ibi·

299 3727 373 3790 dem
396 3725 466 3790 Deo
490 3723 718 3800 servientibus,
742 3724 852 3788 omnia
873 3729 1062 3789 tenemento
1084 3731 1117 3790 et
1142 3733 1244 3790 terras
1267 3749 1348 3812 quas

156 3873 162 3894 .
289 3828 400 3902 ,habui
423 3829 458 3891 in
481 3826 619 3892 australi
650 3833 742 3913 parte
765 3825 855 3890 illius
885 3827 985 3891 rivuli
1008 3850 1081 3912 quae
1114 3836 1251 3894 vocatur
1275 3830 1350 3894 Ike-

300 3953 396 4006 mere,
419 3931 455 3994 in
478 3931 601 4015 campis
632 3930 672 3994 de
708 3928 927 3995 Credewelle:
961 3930 1112 3995 habenda
1143 3938 1177 3996 et
1207 3932 1350 3997 tenenda

299 4033 409 4097 omnia
432 4031 589 4117 praedicta
611 4036 807 4108 tenemento,
832 4037 865 4096 et
887 4032 1061 4116 praedictas
1091 4039 1194 4098 terras
1218 4036 1253 4097 in
1276 4057 1349 4100 aus-

301 4133 378 4200 trali
415 4139 509 4219 parte
543 4132 694 4218 praedicti
732 4132 832 4196 rivuli
863 4133 1018 4217 jacentes,
1051 4157 1125 4200 cum
1159 4137 1350 4201 tenentibus

302 4237 337 4301 in
360 4236 481 4300 eadem.
505 4241 596 4321 parte
628 4235 776 4320 praedicti
800 4235 900 4299 rivuli
932 4238 1149 4314 manentibus
1173 4247 1207 4302 et
1239 4261 1350 4304 eorum

303 4337 450 4424 sequelis‚
474 4337 599 4403 catellis
623 4343 658 4402 et
680 4337 825 4404 serviciis
849 4338 1051 4417 omnimodis,
1075 4349 1109 4406 et
1141 4364 1215 4406 cum
1238 4345 1350 4428 pratis,

302 4439 456 4528 paschuie
481 4444 516 4504 et
546 4441 698 4525 pasturis
722 4445 756 4504 et
790 4462 862 4506 cum
897 4443 1048 4507 omnibus
1082 4443 1156 4508 aliis
1191 4445 1288 4511 rebus
1318 4453 1353 4512 et

303 4539 595 4610 consuetudinibus
632 4542 675 4607 ad
707 4543 865 4627 praedicta
899 4550 1095 4624 tenemento,
1129 4552 1162 4612 et
1193 4549 1238 4613 ad
1269 4572 1352 4636 prae·

301 4648 406 4713 dictas
429 4653 533 4711 terras
554 4645 665 4732 aliquo
695 4647 792 4711 modo
819 4649 1068 4733 pertinentibus,
1100 4650 1209 4729 libere,
1233 4655 1370 4739 quietes

304 4750 431 4836 integre
454 4753 488 4814 et
518 4747 659 4834 pacifice,
679 4749 755 4833 jure
786 4748 1020 4828 elemosinario,
1043 4759 1077 4817 et
1110 4754 1233 4840 absque
1264 4759 1353 4822 omni

304 4852 441 4917 servicio
468 4851 605 4932 seeulmi
632 4851 882 4940 imperpetuum.
930 4852 984 4918 Ita
1006 4856 1093 4940 quod
1123 4857 1273 4942 praedicti
1296 4860 1352 4924 ab

1148 4987 1219 5046 uu
