3526 5810
426 869 489 935 alo
678 883 875 936 auersrauu
899 883 1218 935 muraenaruusa.

425 1071 482 1137 siae
505 1093 581 1150 suae,
597 1072 789 1158 praedictam
812 1077 933 1138 terram
948 1093 1023 1137 cum
1040 1047 1255 1157 pertinentiis
1277 1071 1313 1136 in
1336 1070 1471 1134 liberam

424 1179 459 1238 et
474 1181 666 1261 perpetuam
690 1173 909 1252 elemosinam,
923 1174 1010 1240 sicut
1032 1175 1228 1262 praedictum
1244 1179 1301 1250 est,
1317 1195 1375 1258 per
1389 1193 1472 1258 prae-

425 1277 552 1343 dictum
573 1278 757 1356 servicium,
780 1283 894 1344 contra
917 1300 1028 1343 omnes
1051 1278 1199 1344 homines
1222 1277 1472 1363 imperpetuum.

427 1379 471 1443 Et
492 1381 670 1465 praedictus
685 1377 795 1446 'abbas
818 1389 852 1448 et
874 1403 1071 1447 successores
1105 1380 1166 1457 sui,
1190 1383 1225 1446 et
1247 1379 1382 1445 eeclesia
1413 1400 1473 1442 sua

425 1482 593 1566 praedicta,
604 1484 817 1550 sustinebunt
831 1485 1028 1571 praedietu'm
1041 1483 1247 1569 capellanum
1262 1481 1378 1548 divina
1392 1480 1472 1548 cclc-

424 1583 576 1651 brantem
608 1586 644 1650 in
665 1587 826 1673 praedicta
859 1587 985 1673 capella
1016 1587 1270 1673 imperpetuum.
1316 1585 1361 1649 Et
1390 1605 1472 1672 prae-

424 1690 515 1754 terea
536 1688 624 1754 idem
646 1691 747 1756 abbas
769 1691 936 1770 concessit,
952 1711 1011 1777 pro
1033 1712 1067 1756 se
1090 1695 1125 1755 et
1147 1687 1383 1756 successoribus
1404 1685 1472 1752 suis

424 1795 459 1855 et
489 1791 625 1858 ccclesia
656 1813 717 1858 sua
753 1794 920 1880 praedicta,
945 1794 1050 1859 eidem
1084 1792 1246 1859 Nicholao
1280 1790 1471 1878 praedictam
1587 1843 1590 1854 .

424 1897 545 1958 terram
556 1913 632 1960 cum
654 1895 864 1981 pertinentiis
879 1895 923 1960 ad
938 1895 1084 1960 firmam:
1108 1895 1293 1961 habendam
1310 1897 1345 1959 et
1359 1898 1472 1958 tenen-

424 1994 501 2060 dam
524 1995 631 2063 eidem
654 1995 825 2076 Nicholao,
847 2018 869 2062 a
903 1995 1046 2082 dieque
1078 1996 1149 2062 haec
1180 1995 1352 2062 concordia
1383 1994 1473 2060 facta

423 2098 498 2176 fuit,
520 2099 689 2184 usquead
711 2098 812 2164 finem
832 2099 957 2185 viginti
973 2119 1142 2165 annorum
1173 2099 1327 2185 proximo
1359 2097 1471 2162 subse-

424 2201 607 2286 quentium,
630 2201 684 2267 vel
707 2223 811 2288 usque
832 2202 876 2267 ad
891 2201 1071 2267 terminum
1094 2202 1174 2267 vitae
1190 2203 1293 2288 ipsius
1309 2199 1472 2278 Nicholai,

423 2303 452 2368 si
474 2303 545 2391 ipse
567 2303 655 2370 infra
676 2307 851 2391 praedictos
873 2305 996 2391 viginti
1018 2325 1123 2370 annos
1146 2304 1284 2385 obierit3
1306 2304 1472 2370 reddendo

423 2407 501 2472 inde
523 2427 729 2494 perannum
753 2408 860 2473 eidem
883 2407 997 2474 abbati
1020 2412 1055 2473 ct
1076 2407 1315 2473 suecessoribus
1338 2406 1414 2486 suia,
1437 2411 1472 2471 et

422 2509 567 2576 ecclesia
589 2529 658 2576 suae
680 2510 858 2597 praedictae,
875 2511 1021 2596 quinque
1043 2531 1169 2577 marcas
1184 2511 1313 2597 argenti
1335 2511 1379 2575 ad
1402 2531 1470 2574 sus-

422 2613 641 2678 tentationem
678 2613 828 2699 praedieti
867 2611 1028 2698 capellani
1062 2612 1178 2678 divina
1211 2611 1405 2678 celebrantis
1436 2611 1473 2676 in

422 2715 581 2800 praedicta
612 2715 738 2800 capella
771 2716 815 2781 ad
838 2720 981 2800 quatuor
1013 2715 1172 2780 terminos
1203 2715 1302 2796 anni3
1339 2713 1470 2792 scilicet,

421 2816 464 2882 ad
488 2813 614 2884 Pascha
636 2839 737 2884 unam
771 2839 915 2884 marcam
938 2823 973 2885 et
1003 2815 1222 2905 quadraginta
1248 2817 1406 2894 denarios,
1429 2817 1472 2882 ad

421 2919 542 2985 festum
578 2919 694 2987 Sancti
731 2920 896 2987 «Iohannis
929 2921 1092 3008 Baptistae
1123 2941 1223 2987 unam
1256 2941 1400 2986 maroam
1437 2925 1471 2985 ct

421 3037 476 3090 xL.
509 3023 668 3103 denarios,
703 3024 747 3090 ad
779 3025 899 3089 festum
925 3024 1039 3090 Sancti
1063 3024 1233 3102 Michaelis
1255 3043 1356 3091 unam
1387 3045 1470 3090 mar-

421 3147 492 3194 cam
515 3133 552 3194 et
574 3143 627 3193 xu.
652 3127 812 3206 (lanarios,
836 3133 871 3194 ct
892 3129 937 3195 ad
959 3127 1081 3194 Natale
1104 3127 1240 3193 Domini
1263 3149 1364 3194 unam
1387 3147 1471 3193 mar-

422 3249 494 3296 cam
517 3237 552 3297 et
575 3231 814 3297 undenarios.
861 3231 905 3296 Et
932 3237 1007 3317 post
1029 3231 1129 3296 finem
1155 3229 1306 3319 praedicti
1329 3228 1472 3307 termini,

421 3334 476 3398 vel
498 3339 573 3421 post
596 3335 763 3400 decessum
797 3333 903 3420 ipsius
937 3331 1093 3400 Nicholai
1124 3333 1153 3398 si
1185 3333 1272 3398 infra
1294 3331 1487 3398 terminum·

420 3435 515 3500 illum
547 3437 729 3516 decesserit,
765 3437 924 3523 praedicta
957 3441 1046 3502 terra
1076 3457 1151 3502 cum
1181 3435 1392 3522 pertinentiis
1422 3437 1470 3499 in-

420 3545 512 3628 tegre
534 3547 719 3608 revertetur
740 3541 785 3607 ad
812 3541 1009 3628 praedictum
1035 3541 1188 3607 abbatem
1218 3546 1253 3607 et
1274 3559 1470 3607 successores

419 3665 505 3721 suos,
528 3649 563 3708 et
586 3643 757 3710 ecclesiam
789 3665 885 3709 suam
907 3643 1108 3731 praedictam,
1130 3644 1174 3709 ad
1197 3640 1469 3710 sustentationem

419 3746 569 3832 praedr'cti
592 3747 760 3834 capellani,
784 3748 896 3834 quiete
918 3747 961 3812 de
991 3745 1167 3812 heredibus
1183 3747 1294 3834 ¹ipsius
1316 3745 1470 3813 Nicholai

419 3851 670 3936 imperpetuum.
727 3849 772 3914 Et
806 3850 976 3916 sciendum
1009 3850 1097 3936 quod
1128 3867 1196 3916 non
1218 3849 1333 3916 licebit
1364 3849 1469 3916 eidam
1527 3935 1529 3940 Δ

419 3951 581 4018 Nicholao
597 3947 792 4039 praedictam
815 3957 947 4032 terram,
971 3971 1032 4018 nec
1064 3951 1210 4037 aliquam
1232 3958 1362 4040 partem
1385 3953 1471 4037 ejus-

419 4055 503 4134 dem,
526 4055 613 4133 dare,
637 4054 791 4132 vendere,
814 4055 995 4134 invadiare,
1029 4075 1091 4121 nec
1112 4054 1247 4141 aliquo1
1277 4055 1342 4120 alio
1372 4055 1469 4120 modo

418 4157 569 4235 alienare,
585 4177 646 4224 nec
660 4155 701 4222 de
724 4158 839 4223 eadem
862 4164 1003 4235 vastum,
1022 4156 1248 4223 venditionem
1263 4156 1317 4222 vel
1332 4157 1469 4223 exilium

418 4263 533 4340 facere,
556 4279 622 4348 quo
638 4263 750 4329 minua
772 4267 849 4350 post
871 4263 972 4328 finem
994 4262 1146 4349 praedicti
1161 4261 1304 4341 termini,
1326 4261 1377 4327 vel
1395 4269 1470 4348 post

418 4366 584 4432 decessum
619 4361 725 4452 ipsius
760 4365 923 4443 Nicholai,
957 4367 986 4430 ai
1020 4365 1139 4430 obierit
1171 4365 1259 4431 infra
1290 4366 1469 4431 termimun

419 4469 522 4549 illurn,
538 4467 698 4554 praedicta
719 4475 809 4534 terra
823 4489 898 4536 cum
914 4467 1125 4555 pertinentiis
1140 4467 1268 4555 integre
1283 4475 1469 4534 revertatur

279 4608 328 4663 243·
339 4610 362 4662 ὁ,
418 4573 460 4638 ad
481 4572 677 4660 praedictum
700 4573 852 4638 abbatem
875 4577 911 4638 et
925 4591 1122 4645 successores
1145 4591 1229 4650 suos,
1245 4577 1280 4654 et
1296 4571 1468 4638 ecelesiam

418 4697 512 4742 suam
544 4675 745 4763 praedictam,
768 4677 879 4762 quiete
912 4676 1165 4764 imperpetuum.
1233 4675 1278 4742 Et
1310 4681 1470 4763 praeterea

668 4823 977 4834 ——-·---...--—-----
1005 4821 1404 4832 --—-.--.-.-.--4.-·—.-...--...
1413 4823 1465 4832 u.-

855 4901 865 4936 ὗ
885 4899 959 4962 alico,
970 4901 1028 4952 MS.
