3578 5808
510 905 708 958 snsrsrsuu
730 903 1053 960 usuurssusmsss.
1266 892 1310 964 37

255 1113 407 1178 gersums
440 1103 476 1164 et
514 1099 596 1166 dues
631 1099 726 1167 ulnss
758 1103 800 1168 de
829 1101 988 1170 meerleto
1019 1101 1161 1170 domines
1192 1103 1240 1182 G„
1275 1111 1310 1170 et

255 1195 317 1264 hoe
347 1205 481 1286 paetum
512 1201 734 1270 affidaverunt
765 1227 807 1270 ex
832 1211 973 1291 utruque
1002 1211 1097 1292 purte
1128 1207 1309 1272 tenendum

256 1299 404 1368 fideliter.
462 1303 507 1369 Et
529 1309 569 1370 ut
590 1303 661 1373 haee
683 1308 860 1373 eonventio
882 1312 956 1374 rats
978 1307 1024 1372 sit
1045 1311 1079 1372 et
1109 1306 1309 1386 inconeussa,

255 1403 363 1489 sigillo
387 1404 638 1490 Wyntoniensis
668 1408 816 1475 civitatis
847 1416 882 1475 et
905 1409 1153 1476 confirmatione
1178 1411 1310 1476 robora-

254 1505 371 1571 vimus.
418 1507 495 1576 Hiis
513 1511 665 1590 testibus,
681 1511 794 1598 Helyu
808 1512 990 1590 Westmun‚
1006 1512 1124 1598 majori
1141 1511 1308 1600 Wynton,

256 1612 291 1674 et
314 1614 430 1678 uetera.

640 1805 720 1909 eri.
746 1842 927 1909 onxxlx.

256 1992 448 2062 Gouenrdr'u
486 1994 526 2062 de
559 1996 724 2082 predicto
754 1997 895 2068 redditu
924 1998 1017 2066 inter
1053 1999 1238 2068 Weitmnn
1269 1997 1342 2073 der.
1356 2022 1410 2074 191.

465 2097 679 2166 Hessellhoete
703 2107 732 2166 et
756 2100 939 2188 Huqormm
960 2101 1103 2168 Putant.

303 2250 384 2317 Hsee
406 2257 457 2316 est
479 2251 587 2318 finsiis
609 2251 782 2320 coneordis
804 2252 892 2320 fuste
912 2252 1054 2320 incuria
1077 2253 1202 2318 domini
1224 2257 1310 2342 regis
1324 2271 1400 2322 rinsl

254 2354 345 2438 apud
384 2352 593 2434 Shirebume‚
629 2353 683 2420 die
721 2353 858 2420 Veneris
893 2354 1045 2440 proximu
1082 2361 1158 2442 post
1188 2355 1310 2422 festum
1322 2355 1416 2390 ⁰⁰⁰⁰⁰¹

256 2453 386 2522 Sanetoe
410 2455 592 2534 Trinitatis,
616 2477 703 2524 anno
733 2455 827 2544 regni
857 2455 943 2544 regis
969 2455 1117 2538 Henriei,
1140 2456 1203 2522 filii
1224 2459 1311 2544 regis

1417 2340 1441 2390 d.

255 2555 427 2636 Johunnis,
451 2558 519 2638 xii0,
544 2581 652 2626 eoram
683 2555 810 2624 Thomu
840 2558 880 2623 de
911 2557 1067 2637 Mostene,
1094 2559 1238 2626 Roberto
1270 2561 1310 2626 de

255 2657 460 2745 Lexyntone,
484 2659 628 2727 deulfo
651 2659 796 2742 Musam,
819 2667 853 2726 et
877 2661 1023 2728 Henrieo
1055 2659 1191 2741 Hoesee,
1210 2663 1310 2748 justi-

254 2761 363 2826 ciariis
386 2762 630 2841 itinerantibus,
646 2768 680 2828 et
700 2762 774 2829 eliis
798 2761 924 2827 domini
946 2763 1033 2850 regis
1056 2763 1209 2830 fidelihus
1230 2769 1311 2831 tune

254 2863 304 2928 ibi
341 2866 566 2952 praesentibus,
604 2865 694 2931 inter
726 2863 910 2931 Walterum
948 2863 989 2930 de
1021 2864 1235 2932 Hesselhoete
1275 2873 1309 2932 et

255 2965 400 3034 Gricium
415 2989 553 3034 uxorem
569 2989 662 3034 susm
685 2972 844 3054 petentes,
860 2972 894 3032 et
910 2967 953 3032 H.
969 2965 1109 3033 Piehurd
1130 2972 1308 3046 tenentem,

254 3089 314 3154 per
328 3069 488 3137 Thomsm
512 3071 552 3136 de
575 3071 759 3137 Bremdene
782 3069 928 3156 positum
949 3068 1021 3136 loeo
1045 3091 1103 3136 suo
1119 3070 1163 3135 ud
1178 3069 1308 3137 lueren-

255 3171 335 3237 dum
351 3173 405 3239 vel
426 3173 640 3261 perdendum,
653 3174 693 3239 de
710 3177 852 3259 quatuor
867 3172 1044 3260 mesuagiis
1067 3179 1102 3238 et
1117 3173 1229 3239 desem
1252 3173 1308 3240 sot

254 3273 403 3340 redditus
428 3297 504 3342 eum
526 3276 737 3362 pertinentiis
761 3274 798 3340 in
820 3274 989 3361 Wynton’,
1011 3275 1106 3341 etde
1129 3296 1197 3340 unu
1219 3275 1310 3340 selds

255 3375 359 3462 [cum]
376 3377 588 3464 pertinentiis
603 3378 639 3443 in
655 3377 813 3444 suburbio
830 3377 996 3464 Wynten'.
1036 3377 1135 3443 Unde
1150 3378 1309 3465 plseitum

252 3479 321 3544 fuit
343 3479 431 3546 inter
453 3502 507 3548 eos
530 3482 567 3546 in
589 3481 728 3568 praefats
751 3479 851 3560 euris,
871 3479 1004 3560 scilieet,
1021 3481 1110 3567 quod
1132 3482 1309 3567 praedietus

253 3579 355 3667 Hugo
377 3583 569 3670 recognovit
595 3588 668 3649 tote
689 3583 848 3671 praediets
877 3583 1055 3671 mesusgis‚
1078 3583 1246 3649 redditum
1276 3589 1311 3649 et

251 3682 387 3761 seldsm,
403 3705 478 3751 cum
500 3684 719 3772 pertinentiis,
736 3706 806 3750 esse
823 3684 880 3770 jus
903 3685 1006 3770 ipsius
1030 3683 1078 3762 G„
1100 3689 1135 3750 et
1157 3684 1215 3751 illu
1237 3686 1309 3752 red-

252 3783 342 3851 didit
364 3792 399 3852 et
421 3785 556 3874 quiets¹
575 3787 733 3855 clamavit
755 3787 796 3853 de
817 3809 852 3854 se
876 3792 910 3852 et
933 3785 1108 3852 heredibus
1129 3787 1207 3866 suis,
1226 3779 1308 3875 ipsis

251 3883 304 3953 W.
328 3894 363 3954 et
386 3887 424 3954 G.
453 3895 487 3955 et
512 3888 688 3956 heredibus
711 3889 816 3978 ipsius
847 3889 884 3955 G.
911 3888 1157 3976 imperpetuum
1169 3913 1177 3969 ;
1209 3889 1310 3954 salvis

251 3988 401 4058 Waltero
417 3993 532 4060 abbati
548 3994 589 4059 de
605 3993 709 4081 Hyds
724 3999 759 4060 st
773 3992 1011 4061 suceessoribus
1034 3992 1101 4057 suis
1118 3998 1152 4058 et
1167 3992 1310 4059 ecclesie.

249 4115 321 4159 sure
341 4094 382 4160 de
398 4093 511 4183 Hyde,
526 4095 694 4164 Willelmo
716 4097 758 4162 de
780 4095 953 4176 Bedeford‚
970 4094 1123 4162 Johsnne
1145 4095 1257 4162 Sivolt
1276 4101 1310 4163 et

248 4193 430 4263 heredibus
461 4220 573 4265 eorum
611 4197 809 4265 tenementis
847 4197 924 4278 suis,
956 4220 1029 4284 quae
1060 4203 1242 4264 tenuerunt
1273 4199 1310 4264 in

247 4297 352 4364 feudo
371 4299 413 4366 ds
429 4301 588 4388 predicto
611 4296 754 4389 Hugone
777 4299 927 4380 Piehsrd,
942 4300 983 4366 de
999 4321 1064 4387 quo
1086 4299 1157 4368 haee
1180 4322 1309 4368 eoneor-

248 4401 307 4470 dia
331 4402 421 4470 seete
443 4403 518 4482 fuit,
533 4405 684 4472 faciendo
706 4403 785 4471 inde
811 4405 985 4472 servitium
1008 4403 1089 4491 ipsis
1106 4401 1253 4472 Waltero
1277 4411 1311 4471 et

248 4507 373 4576 Griciae
381 4515 418 4576 et
432 4509 608 4577 heredibus
624 4507 751 4597 ipsius2
764 4509 893 4588 Griciae,
905 4509 994 4595 quod
1010 4508 1074 4596 ipsi
1091 4509 1255 4597 Hugo[ni]
1269 4510 1310 4576 de

245 4610 419 4700 predictis
435 4613 634 4679 tenementis
648 4613 753 4680 fecere
766 4613 922 4680 solebant
959 4611 1004 4678 Et
1018 4633 1077 4699 pro
1089 4610 1151 4678 hee
1165 4613 1312 4700 recogni-

811 4820 870 4871 with
893 4821 937 4872 the
955 4837 1020 4887 copy
1040 4821 1071 4872 os
1089 4822 1133 4874 the
1152 4823 1202 4874 flne
1220 4823 1247 4874 in
1267 4824 1312 4876 the

243 4940 315 4992 tons
328 4940 395 4992 hare
413 4941 478 4993 been
497 4943 572 4994 rnsde
591 4943 625 5009 by
637 4941 758 4996 collation
811 4901 1027 5034 Βθξῗὲὺῗῗῧὲ

283 4857 291 4891 ¹
311 4860 422 4925 quietus
440 4861 469 4912 in
489 4861 546 4915 MS.
583 4861 637 4914 The
656 4874 757 4914 eorrec-
