3526 5810
513 894 709 945 nuorsrsuu
733 893 1053 946 muunsaumuusn.
1242 882 1306 946 255

259 1084 490 1169 perpetuitatis
523 1086 560 1150 in
582 1109 616 1152 se
639 1087 821 1174 optineant,
848 1088 935 1156 hano
956 1093 1081 1156 cartam
1103 1088 1227 1154 eisdem
1249 1089 1308 1154 ab·

262 1186 330 1250 bati
363 1193 398 1252 et
431 1189 608 1254 conventui
640 1189 713 1267 feci,
747 1197 782 1255 et
813 1211 886 1256 eam
918 1189 1026 1277 sigillo
1061 1213 1134 1256 meo
1169 1191 1307 1277 signavi.

259 1287 334 1351 Hiis
380 1290 530 1369 testibus,
575 1291 709 1357 domino
753 1291 906 1358 Johanne
952 1293 1102 1370 Mandat,
1143 1292 1307 1357 Willelmo

258 1389 435 1476 Spileman‚
458 1391 606 1459 Waltero
637 1394 788 1474 Mandat,
816 1396 944 1481 Rogero
978 1396 1019 1460 de
1052 1394 1308 1480 8101106100-

257 1494 365 1558 rentio
398 1495 439 1560 de
475 1495 624 1582 Stodlye,
658 1496 804 1563 Roberto
838 1498 879 1562 da
917 1499 1029 1576 Panes,
1063 1497 1232 1564 Gileberto
1267 1497 1307 1562 de

256 1596 390 1676 Rcehes,
413 1597 558 1666 Hemina
580 1598 744 1687 Philipps,
767 1606 802 1666 et
823 1600 906 1667 aliis.

597 1887 677 1953 Cur.
701 1885 966 1954 CCCLXXIIII.

392 2033 514 2116 Quieto
535 2033 725 2102 duonaotc’a
749 2035 906 2122 (lutfridi
927 2035 968 2102 dc
990 2033 1174 2102 almum.

301 2179 416 2246 Sciant
438 2187 615 2267 praesentes
638 2188 672 2248 et
703 2183 808 2248 futuri
847 2173 946 2269 quod
968 2203 1028 2268 ego
1063 2181 1231 2247 Galfiidus
1263 2180 1304 2245 de
1318 2191 1467 2256 Quitelaim

255 2280 427 2347 Finemore
450 2285 589 2363 reddidi,
612 2285 724 2351 remisi
747 2292 781 2351 et
804 2286 955 2371 quietum
989 2284 1141 2362 clamavi,
1164 2304 1225 2370 pro
1247 2305 1300 2348 me
1314 2259 1446 2378 ffffie,

255 2390 290 2448 ct
313 2406 371 2469 pro
394 2385 571 2452 heredibus
592 2393 627 2453 et
649 2387 826 2475 assignatis
849 2388 930 2452 meis
954 2387 1207 2474 imperpetuum,
1230 2385 1301 2452 Deo
1314 2393 1396 2445 londe-

256 2491 290 2549 et
312 2487 456 2554 ecclesiae
479 2489 576 2555 Beati
598 2489 745 2556 Aldelmi
769 2491 810 2556 de
833 2489 1077 2566 Malmeaburia,
1100 2494 1135 2554 et
1166 2487 1301 2553 domino

255 2588 422 2656 Willelmo
444 2591 568 2671 abbati,
585 2599 620 2658 et
642 2593 811 2660 monachis
833 2594 959 2659 ibidem
981 2592 1053 2660 Deo
1075 2592 1304 2669 servientibus,

256 2695 366 2757 totum
395 2693 510 2779 juset
543 2695 698 2761 clamium
732 2697 820 2782 quod
851 2695 954 2761 habui
976 2695 1031 2760 vel
1064 2693 1175 2780 aliquo
1209 2694 1306 2759 modo

256 2794 376 2860 habere
391 2797 485 2882 potui
508 2797 544 2862 in
559 2797 617 2866 illa
639 2800 769 2887 virgata
785 2803 890 2877 terrae,
910 2819 986 2865 oum
1001 2797 1069 2863 suis
1083 2797 1305 2884 pertinentiis,
1318 2805 1432 2858 tasso.

255 2919 356 2983 quam
378 2899 419 2964 da
441 2900 608 2985 praedictis
639 2902 760 2968 abbate
794 2908 829 2968 et
862 2906 1029 2968 conventu
1062 2900 1304 2966 Malmesburiae

256 3001 350 3065 tenui
366 3000 401 3064 in
416 3003 524 3088 eapite
539 3003 575 3068 in
590 3003 672 3070 villa
695 3006 735 3071 (16
759 3004 794 3070 10
809 3003 1018 3070 Blolteloode.
1065 3003 1119 3068 Ita
1141 3001 1229 3088 quod
1244 3017 1304 3066 nec

258 3124 319 3188 ego
342 3103 512 3169 Galfridus
535 3127 596 3171 nee
626 3107 749 3192 aliquis
782 3107 940 3173 heredum
975 3106 1029 3171 vel
1061 3105 1304 3192 assignatorum

257 3227 414 3284 meorum,
436 3207 569 3294 aliquod
595 3207 652 3294 jus
685 3210 740 3274 vel
763 3209 928 3288 domium,
951 3207 1005 3274 vel
1036 3207 1170 3293 aliquod
1202 3207 1306 3272 domi-

257 3307 360 3386 nium,
394 3309 431 3373 in
464 3309 622 3395 praedicta
652 3310 783 3398 virgata
814 3317 911 3376 terrae
944 3333 1000 3376 seu
1033 3310 1200 3396 aliquibus
1238 3310 1306 3374 suis

256 3409 475 3494 pertinentiis,
491 3410 602 3497 aliquo
624 3417 770 3499 tempore
792 3412 888 3479 nobis
903 3413 1033 3500 exigere
1055 3412 1111 3478 vel
1133 3412 1306 3478 vendicare

256 3514 418 3598 possimus
440 3514 691 3602 imperpetuum
738 3516 803 3582 Sed
825 3517 976 3604 praedicti
992 3516 1093 3583 abbas
1109 3521 1143 3581 et
1165 3537 1305 3582 conven-

256 3621 311 3680 tus
335 3607 369 3680 et
390 3637 503 3682 corum
526 3639 723 3685 successores
737 3620 884 3686 habeant
898 3624 933 3685 et
955 3624 1093 3684 teneant
1113 3619 1304 3706 praedictam

257 3717 422 3803 virgatam
444 3725 549 3797 terrae,
573 3741 648 3786 cum
671 3721 823 3787 omnibus
856 3723 924 3788 suis
955 3721 1172 3809 pertinentiis,
1195 3720 1305 3800 libere,

257 3821 377 3906 quiete,
392 3822 476 3887 bene
499 3827 534 3888 et
556 3823 592 3888 in
615 3845 703 3910 pace,
726 3825 797 3891 aine
819 3825 933 3911 aliqua
954 3825 1214 3892 contradictione
1236 3825 1301 3889 mei

257 3921 311 3988 vel
344 3923 501 3988 heredum
524 3923 578 3990 vel
601 3927 842 4014 assignatorum
874 3948 1023 3993 meorum
1053 3927 1305 4014 imperpetuum.

259 4025 305 4090 Et
319 4024 355 4090 in
371 4027 599 4092 testimonium
622 4028 722 4115 hujus
745 4029 946 4096 remissionis
968 4036 1003 4096 et
1017 4030 1139 4117 quietae
1161 4029 1305 4097 claman-

254 4127 314 4194 tiae
336 4150 426 4211 meaa,
440 4129 503 4196 hoc
525 4131 683 4218 scriptum
705 4132 828 4198 eisdem
850 4132 965 4204 abbati
987 4138 1021 4198 et
1043 4135 1220 4199 conventui
1234 4134 1306 4212 feei,

256 4235 292 4296 et
323 4230 406 4297 illud
444 4232 553 4319 sigillo
586 4256 659 4299 meo
692 4235 830 4322 signavi.
877 4235 954 4300 Hiis
988 4236 1136 4314 testibus,
1171 4237 1305 4302 domino

253 4331 277 4397 J
277 4331 407 4399 ohanne
430 4335 582 4416 Maudut‚
598 4335 742 4402 Hemieo
764 4337 795 4403 le
810 4337 930 4415 Blund,
945 4337 1112 4404 Gileberto
1127 4339 1168 4404 de
1184 4339 1315 4418 Roche,

255 4433 420 4500 Willelmo
452 4435 483 4501 16
515 4437 680 4516 Escriven,
712 4439 821 4505 Adam
858 4438 889 4504 le
921 4439 1185 4520 Ohaumberlein,
1222 4441 1305 4507 Wil-
1352 4477 1354 4481 ,

253 4535 352 4601 lelmo
374 4537 415 4602 de
438 4537 588 4617 Welaud,
611 4539 755 4608 Henrieo
778 4540 906 4628 Phelip,
929 4541 1074 4610 Roberto
1096 4543 1137 4609 da
1161 4543 1303 4623 Roudes,

254 4643 289 4702 et
311 4639 426 4705 multis
448 4639 529 4708 aliis.
