3524 5808
457 879 521 946 394
866 893 1043 943 nrrsunrx
1070 897 1104 944 11.

456 1085 501 1149 Et
533 1085 669 1171 insuper
703 1105 778 1150 cnm
813 1084 894 1150 dicti
926 1085 1104 1170 burgenses
1137 1083 1235 1150 stalla
1268 1105 1328 1151 sua
1361 1085 1397 1149 in
1432 1085 1512 1150 locis

455 1187 553 1252 certis
584 1187 628 1252 ad
662 1187 883 1252 mercandisas
914 1207 991 1252 suas
1025 1185 1113 1251 infra
1150 1186 1292 1274 burgum
1313 1187 1511 1274 praedictum

455 1289 665 1355 vendendum
688 1289 818 1366 habere,
840 1295 876 1354 et
901 1294 1057 1365 textores,
1079 1295 1215 1366 sutores,
1236 1289 1453 1374 cyrothecarii
1477 1295 1511 1355 et

455 1392 513 1457 alii
536 1391 686 1457 homines
709 1392 933 1476 cujuscunque
964 1391 1140 1455 ministerii
1168 1391 1202 1454 in
1226 1391 1383 1477 praedicto
1406 1393 1511 1477 burgo

455 1496 611 1571 existant,
634 1495 692 1580 qui
724 1516 791 1558 non
822 1501 901 1559 sunt
923 1495 964 1559 de
987 1495 1224 1560 communitate
1246 1494 1346 1579 gildae
1369 1494 1511 1580 burgen-

455 1598 540 1660 sium
575 1596 815 1682 praedictorum,
839 1601 944 1661 certos
974 1596 1122 1660 redditus
1145 1597 1312 1661 occasione
1334 1596 1510 1660 ministerii

455 1699 506 1763 sui
529 1699 572 1763 ad
595 1699 869 1764 sustentationem
896 1699 997 1784 gildae
1020 1699 1187 1784 praedictae
1210 1698 1287 1762 dare
1310 1697 1452 1762 debeant
1475 1705 1510 1763 et

436 1806 703 1878 consueverunt,
735 1801 892 1886 praefatus
924 1801 1026 1866 abbas
1049 1801 1223 1886 praedictas
1257 1801 1509 1866 consuetudines

454 1906 490 1969 in
512 1906 616 1990 burgo
639 1905 797 1991 praedicto
820 1905 987 1970 observari
1004 1926 1070 1969 non
1091 1905 1264 1990 permittit,
1279 1905 1315 1968 in
1331 1904 1507 1969 eorundem

455 2008 667 2093 burgensium
691 2007 900 2092 dispendium
924 2029 991 2071 non
1018 2007 1184 2072 modicum
1207 2012 1241 2071 et
1263 2027 1449 2092 gravamen,
1473 2012 1507 2071 et

455 2113 569 2173 contra
592 2108 761 2172 libertates
777 2130 861 2185 suas,
878 2108 998 2195 quibus
1014 2110 1077 2196 ipsi
1097 2115 1133 2174 et
1155 2129 1266 2174 eorum
1289 2115 1508 2175 antecessores
1548 2105 1553 2112 ’

455 2211 657 2296 temporibus
681 2211 800 2295 quibus
834 2212 958 2297 burgus
980 2213 1157 2297 praedictus
1180 2212 1246 2275 fuit
1267 2212 1302 2276 in
1327 2211 1507 2296 [m]anibus

455 2315 728 2401 praedecessorum
756 2318 942 2378 nostrorum
968 2336 1081 2400 regum
1104 2313 1244 2400 Angliae,
1268 2313 1506 2379 rationabiliter

456 2418 508 2481 uti
532 2421 780 2492 consueverunt,
805 2420 844 2479 ut
871 2415 999 2479 dicitur.
1047 2415 1091 2480 Et
1113 2415 1213 2480 facias
1236 2416 1282 2479 ibi
1307 2417 1505 2480 summoneri

456 2526 492 2584 et
513 2519 574 2584 hoc
596 2518 704 2584 breve.
751 2517 847 2582 'Peste
871 2539 923 2582 me
946 2518 1025 2602 ipso,

285 2730 365 2780 nro.
501 2720 616 2784 Sciant
648 2723 823 2805 pmesentes
855 2723 889 2782 et
922 2718 1027 2782 futuri
1062 2717 1150 2801 quod
1181 2737 1241 2802 ego
1267 2717 1434 2782 Walterus
1465 2718 1505 2782 de

288 2823 415 2888 Grantby
456 2821 700 2897 Dunstanvilla,
724 2820 812 2884 filius
844 2818 983 2884 Walteri
1016 2819 1056 2883 de
1092 2818 1334 2896 Dunstanvilla,
1362 2820 1438 2884 dedi
1472 2826 1505 2884 et

287 2890 431 3006 {mande
456 2925 606 3000 concessi,
639 2929 674 2987 et
705 2923 766 2986 hac
801 2921 954 3010 praesenti
990 2926 1081 2984 cartu
1113 2942 1186 2985 mea
1216 2921 1407 2985 confirmavi
1441 2922 1505 2986 Ra·

285 3023 384 3073 V¹¹¹⁶²⁰
456 3026 580 3114 dulpho
604 3027 644 3090 de
668 3025 816 3100 Colerna,
840 3047 899 3110 pro
921 3025 1074 3110 homagio
1097 3029 1132 3088 et
1154 3025 1291 3090 servicio
1312 3046 1382 3103 suo,
1405 3046 1504 3090 unam

286 3089 439 3219 {tigriden
457 3133 621 3218 virgatam
644 3134 740 3193 terrae
756 3129 791 3191 in
815 3127 980 3192 Broctona
1002 3132 1036 3190 et
1059 3147 1162 3190 unum
1186 3125 1412 3192 molendinum
1431 3149 1504 3193 cum

285 3222 387 3339 ¹31¹,ssssss
456 3233 607 3298 omnibus
617 3229 835 3317 pertinentiis,
852 3229 940 3314 qnod
956 3228 1064 3293 Adam
1076 3227 1229 3293 Peitevin
1244 3230 1362 3307 tenuit,
1373 3231 1504 3309 scilicet,

390 3327 396 3340 ’
454 3337 489 3404 in
514 3332 720 3408 Grenehulle,
745 3339 778 3396 et
801 3333 947 3417 quinque
970 3351 1061 3395 acras
1083 3335 1180 3396 terrae
1201 3354 1225 3396 u
1249 3331 1283 3396 lu
1308 3331 1447 3414 Quobbe,
1471 3341 1506 3400 et

454 3437 535 3502 duas
569 3456 659 3501 acras
692 3439 788 3498 terrae
823 3439 857 3498 et
889 3432 1061 3496 dimidiam
1100 3433 1136 3496 in
1169 3431 1398 3521 Berhfurlang,
1430 3458 1504 3521 quae

453 3540 589 3604 fuerunt
623 3537 662 3602 de
687 3535 833 3601 dominio
855 3557 936 3612 meo,
960 3539 993 3600 et
1016 3539 1159 3620 quatuor
1180 3535 1280 3600 boves
1302 3537 1339 3600 in
1361 3545 1505 3622 pmtura,

454 3641 586 3716 scilicet,
620 3661 662 3703 eu
685 3638 721 3703 lo
751 3636 852 3703 More.
900 3635 1082 3702 Habendos
1113 3642 1148 3701 et
1179 3636 1339 3702 tenendas
1371 3639 1434 3704 sibi
1469 3647 1505 3706 et

453 3741 629 3807 heredibus
663 3741 731 3804 suis
754 3740 795 3804 de
818 3761 870 3803 me
893 3744 927 3804 et
950 3738 1125 3804 heredibus
1147 3740 1227 3804 meis
1250 3740 1448 3806 hereditarie
1470 3749 1505 3808 et

453 3843 563 3922 libere,
587 3849 620 3907 et
652 3843 763 3926 quiete
796 3841 838 3905 ab
873 3841 962 3904 omni
1000 3840 1163 3905 demanda
1196 3845 1231 3905 et
1264 3842 1397 3926 querela
1429 3865 1504 3929 quae

453 3946 565 4010 evenit
587 3944 642 4008 vel
664 3943 796 4008 evenire
818 3943 948 4029 poterit.
995 3941 1175 4008 Reddendo
1197 3942 1279 4007 mihi
1299 3945 1376 4009 inde
1399 3967 1506 4012 annn-

452 4047 544 4122 atim,
567 4046 621 4110 vel
644 4044 819 4110 heredibus
842 4045 932 4121 meis,
955 4043 1011 4108 ille
1034 4048 1069 4108 et
1091 4043 1225 4109 heredes
1248 4045 1308 4124 sui,
1333 4047 1503 4113 duodecim
1556 4099 1559 4104 .

453 4148 602 4214 denarios
625 4147 668 4212 ad
690 4147 811 4211 festum
828 4145 940 4210 Sancti
959 4145 1126 4210 Michaelis
1149 4168 1208 4231 pro
1228 4149 1379 4213 omnibus
1401 4152 1504 4214 servi-

452 4251 511 4315 ciis
543 4255 577 4315 et
611 4247 902 4314 consuetudinibus
924 4248 968 4312 ad
1000 4269 1052 4312 me
1087 4248 1140 4311 vel
1173 4249 1215 4312 ad
1246 4249 1381 4317 heredes
1414 4274 1503 4318 meos

451 4351 702 4439 pertinentibus.
750 4349 820 4436 Ego
842 4355 952 4414 autem
984 4355 1019 4414 et
1053 4349 1187 4415 heredes
1221 4353 1285 4416 mei
1312 4354 1504 4439 praedictam

452 4461 574 4521 terram
605 4451 762 4541 praedicto
798 4450 972 4536 Radnlpho
1010 4451 1051 4516 de
1090 4451 1230 4518 Colerna
1263 4460 1297 4519 et
1328 4455 1503 4522 heredibus

452 4559 521 4623 suis
552 4556 767 4622 warantizare
800 4553 956 4619 debemus
987 4559 1101 4620 contra
1135 4577 1246 4620 omnes
1283 4555 1431 4623 homines
1469 4567 1504 4624 et

453 4665 567 4725 contra
598 4679 710 4723 omnes
742 4657 879 4721 feminas
913 4677 973 4740 pro
1004 4658 1241 4740 praenominato
1268 4661 1413 4725 servicio.
1459 4661 1504 4725 Et

454 4766 494 4830 ut
527 4761 598 4828 haec
632 4759 766 4826 donatio
802 4777 874 4824 meo
904 4769 939 4824 et
961 4759 1124 4824 concessio
1147 4765 1220 4826 rata
1250 4768 1439 4851 permaneat
1469 4769 1503 4830 et
