3524 5808
519 881 721 932 nrorsrnun
744 877 1066 930 nannrsaunmnsa
1259 867 1323 930 345

259 1071 424 1159 judicium
451 1070 671 1158 generabitur.
712 1069 779 1134 Sed
813 1069 840 1134 si
871 1069 983 1155 aliqua
1018 1091 1091 1156 quae
1120 1069 1196 1155 jure
1230 1087 1325 1155 paro-

264 1173 366 1240 chiali
397 1174 440 1240 ad
473 1173 667 1259 praediotam
702 1171 870 1238 eeclesiam
903 1171 1068 1258 pertinere
1102 1171 1252 1250 debeant,
1283 1171 1327 1236 ad

265 1276 461 1362 praediotum
489 1275 668 1341 oratorium
693 1273 896 1352 obvenerint,
920 1295 979 1360 per
1007 1295 1143 1340 manum
1167 1272 1327 1361 capellani

266 1377 391 1442 ibidem
429 1397 490 1462 pro
527 1381 673 1462 tempore
720 1375 941 1442 ministraturi
979 1380 1014 1441 et
1051 1377 1212 1443 fidelitate
1249 1383 1327 1443 ante

270 1479 383 1545 omnia
414 1482 605 1544 memorata
642 1477 786 1543 eoelesiae
824 1477 865 1542 de
887 1477 1078 1563 Westeport
1114 1477 1328 1565 astringendi,

267 1581 389 1668 absquo
422 1581 512 1646 omni
544 1579 774 1657 diminutione,
805 1578 920 1645 fraudo
943 1584 978 1645 et
1011 1579 1086 1646 dolo
1117 1581 1329 1658 cessantibus,

267 1684 434 1770 praedietoe
465 1682 609 1750 ecolesiae
639 1681 783 1747 fideliter
805 1681 1044 1768 persolventur.
1092 1682 1230 1750 sivero
1253 1701 1330 1749 oon-

267 1787 379 1872 tingat
394 1783 529 1871 aliquod
544 1782 775 1871 praejudioium
791 1789 980 1851 mamoratae
996 1785 1138 1852 oooloaiae
1154 1785 1194 1851 de
1203 1783 1330 1852 Weste-

271 1894 354 1975 port
371 1888 425 1954 val
448 1887 582 1974 oapollae
607 1907 677 1952 suae
700 1886 741 1951 da
766 1885 972 1964 Cherletone,
995 1886 1162 1954 occasione
1183 1887 1331 1974 praefstae

266 1990 492 2069 consessionis,
516 2011 575 2077 por
597 2009 651 2054 ma
675 1990 730 2054 val
754 2011 814 2074 por
835 1989 971 2055 heredes
994 2011 1083 2056 meos
1114 1990 1226 2076 aliquo
1247 1995 1330 2056 tem·

268 2115 356 2181 pora,
377 2092 491 2179 aliquo
523 2092 622 2157 modo
657 2091 784 2170 inferri,
808 2090 917 2187 obligo
953 2113 1005 2158 rna
1028 2097 1063 2158 ot
1084 2092 1220 2158 heredes
1242 2113 1331 2158 meos

269 2219 328 2285 per
349 2219 494 2284 praesena
516 2198 677 2283 seriptum
700 2196 867 2282 praedietis
891 2195 1033 2262 dominis
1056 2197 1137 2263 meis
1160 2197 1273 2264 abbati
1297 2202 1332 2263 et

270 2301 458 2380 eonventui
475 2300 628 2386 quotiens
651 2319 750 2386 super
771 2298 834 2365 hoo
858 2299 899 2364 de
922 2298 1063 2366 varitate
1086 2300 1278 2379 eonstiterit,
1295 2300 1332 2364 in

270 2403 393 2490 viginti
427 2402 540 2470 solidis
571 2401 804 2489 sterlingorum
836 2401 957 2467 eisdem
989 2401 1128 2468 indilato
1158 2402 1331 2472 solvendis,

272 2510 306 2570 et
327 2505 451 2572 vicario
483 2505 581 2571 dietae
612 2504 755 2570 eoeleaioe
790 2504 830 2569 da
854 2501 1042 2590 Weateport
1075 2504 1132 2590 qui
1166 2527 1226 2590 pro
1248 2510 1330 2570 tom-

271 2627 349 2694 pore
379 2607 480 2673 fuerit
511 2607 548 2672 in
583 2607 694 2674 desem
728 2606 841 2672 solidis
876 2606 1116 2693 sterlingorum,
1148 2608 1210 2672 rub
1232 2629 1331 2694 poena

273 2710 384 2777 deoam
417 2709 596 2776 solidorum
629 2710 665 2774 in
700 2707 885 2775 subsidium
916 2709 1025 2776 Tenue
1049 2709 1188 2789 Sancta
1212 2716 1247 2777 ot
1269 2712 1331 2776 sub

274 2831 374 2900 poena
397 2812 509 2879 decem
543 2811 723 2879 solidorum
746 2812 975 2880 archidiacono
1005 2811 1159 2900 Wyltys'‚
1181 2812 1239 2899 qui
1272 2837 1332 2901 pro

274 2921 420 3003 tompore
442 2915 552 2993 fuerit,
575 2914 816 2981 solvendorum.
862 2915 904 2980 In
925 2913 1019 3001 eujus
1041 2916 1090 2982 rei
1105 2916 1333 2982 testimonium

273 3016 493 3105 praesentibus
516 3015 662 3104 sigillum
685 3037 796 3084 meum
811 3018 958 3104 apposui.
1004 3017 1082 3084 Hiis
1097 3018 1246 3098 testibus,
1264 3023 1332 3099 eta,

274 3125 315 3187 nt
337 3139 445 3207 supra.

652 3410 731 3480 Car.
758 3411 960 3480 ooooavl.

278 3593 400 3678 Quieto
422 3590 614 3659 obtutuutio
639 3591 778 3658 donnini
795 3592 976 3679 Huusridi
998 3593 1039 3659 cle
1053 3593 1177 3661 Bobun
1202 3597 1334 3670 coniitia

367 3694 579 3783 Heresordioe
601 3693 642 3760 de
664 3715 850 3762 cornazano
880 3717 986 3782 quom
1017 3697 1269 3784 calumpniavit
1291 3699 1334 3768 in

369 3798 458 3866 bosco
481 3797 522 3863 de
544 3797 740 3883 Humuyye.

325 3982 491 4052 Noverint
520 3984 668 4050 universi
699 3983 894 4070 quodcum
926 3989 1077 4073 quaedum
1112 3994 1333 4061 controversia
1345 4000 1495 4053 Settlement

280 4091 477 4156 mutuasset
510 4085 598 4152 inter
621 4083 793 4152 dominum
825 4087 1031 4154 Hunfridum
1065 4089 1106 4156 de
1129 4089 1258 4173 Bohun,
1281 4118 1332 4163 00-
1345 4067 1505 4185 ‘mmm

281 4192 396 4258 mitem
418 4189 631 4268 Herafordiae‚
656 4189 812 4269 Easexioe,
835 4197 870 4256 et
901 4191 1180 4260 constabularium
1202 4197 1334 4286 Angliae
1348 4215 1464 4252 common

281 4317 324 4360 ex
366 4298 460 4379 parte
491 4310 567 4370 unu,
601 4298 635 4358 et
669 4291 839 4358 dominum
874 4291 1077 4361 Willelmum
1110 4298 1264 4365 abbatem
1296 4267 1460 4384 deffffl„

282 4395 516 4462 Malmesburia
538 4398 572 4460 ot
587 4393 732 4482 ejusdam
748 4395 810 4463 looi
826 4401 1026 4463 conventum
1049 4421 1092 4465 ox
1106 4398 1219 4482 altera,
1239 4425 1338 4490 super
1349 4401 1392 4450 the
1403 4401 1455 4450 0⁸1¹
1468 4397 1496 4449 of

282 4497 424 4584 quadam
448 4517 621 4564 commune
644 4518 743 4584 quam
766 4497 854 4563 idem
879 4519 985 4566 eomes
1008 4499 1143 4588 potebat
1165 4506 1200 4568 ot
1217 4503 1336 4570 elama-
1349 4466 1474 4582 librili?

282 4603 343 4668 bat
367 4602 488 4668 habere
520 4623 595 4668 oum
629 4603 735 4687 porcis
768 4602 836 4667 suis
869 4609 905 4668 ot
935 4603 1107 4671 hominum
1138 4629 1272 4674 suorum
1296 4601 1437 4675 deabbey.

283 4703 486 4802 Woekeseye
509 4704 567 4792 qui
590 4705 719 4770 servilis
742 4709 821 4771 sunt
843 4707 1050 4788 conditionis,
1073 4709 1109 4774 in
1131 4709 1227 4779 bosco
1254 4733 1338 4798 prae-

284 4809 448 4875 diotorum
473 4805 603 4874 abbatis
634 4811 668 4872 et
691 4812 882 4886 conventus,
906 4810 963 4894 qui
987 4817 1125 4878 vocatur
1148 4811 1337 4903 Flusrugge,
