3566 5820
442 893 505 962 178
692 905 891 956 ΒΕαῐετηυΜ
914 901 1236 954 nrnnnsnurrausn.

839 1159 919 1225 OAP.
942 1154 1087 1222 cccxl.

444 1313 647 1402 emposta
679 1313 771 1377 iuter
793 1309 942 1376 abbatem
964 1315 994 1373 et
1016 1313 1214 1374 couceutrme
1240 1303 1491 1372 Matureebuetoe

533 1423 561 1482 et
585 1413 778 1480 thurvtruu
801 1412 840 1476 de
865 1411 998 1478 Ortiuco
1020 1433 1122 1496 super
1144 1408 1237 1475 ecete'e
1258 1415 1288 1472 et
1318 1413 1491 1472 constrata

534 1517 684 1582 diuitum.

279 1663 416 1714 Suittohe
491 1673 656 1738 Noverint
679 1671 824 1735 universi
848 1669 933 1754 quod
967 1690 1039 1732 cunr
1064 1666 1221 1754 placitum
1250 1669 1376 1729 motum
1407 1645 1511 1726 esset¹

277 1733 431 1848 irididirof
446 1777 534 1840 inter
556 1775 708 1838 abbatem
740 1771 989 1846 Malnresbmirr,
1014 1793 1054 1833 ex
1090 1775 1182 1854 parte
1215 1789 1290 1842 una,
1313 1772 1347 1830 et
1381 1765 1492 1828 Ricar-

278 1865 386 1927 Ashley.
447 1879 525 1944 dum
549 1878 589 1940 de
614 1877 744 1940 Ortiaco
776 1897 816 1939 ex
848 1875 959 1950 altera,
982 1895 1080 1959 super
1103 1871 1198 1936 sectis
1221 1874 1255 1934 et
1285 1866 1492 1932 consuetudi-

278 1967 296 2016 ε’
310 1967 390 2018 2²⁸⁶·
447 1981 544 2045 nibus
567 2001 648 2064 quas
671 1979 756 2042 idem
788 1977 889 2043 abbas
912 1975 1065 2062 exigebat
1095 1972 1272 2038 abeodem
1297 1969 1493 2035 Ricardoet

448 2081 636 2146 hominibus
658 2081 725 2144 suis
749 2079 789 2143 de
814 2078 963 2163 Ehsleye,
979 2099 1045 2164 pax
1068 2078 1104 2141 in
1128 2075 1216 2140 hunc
1238 2074 1370 2139 modum
1395 2070 1492 2136 refor-

449 2191 539 2249 mata
561 2190 627 2248 est:
650 2181 812 2258 videlicet,
828 2181 915 2266 quod
933 2181 1111 2267 praedictus
1126 2178 1285 2243 Ricardus
1306 2176 1495 2260 recognovit

450 2295 570 2352 sectam
594 2287 682 2349 dicto
704 2284 817 2349 abbati
841 2289 876 2347 et
898 2284 969 2366 ejus
985 2281 1221 2347 successoribus
1242 2279 1284 2345 ad
1304 2279 1385 2343 duos
1408 2278 1494 2363 tage·

450 2389 558 2454 <arva
574 2387 719 2451 debitam
735 2407 841 2470 perse
861 2383 928 2468 [vol
951 2385 1022 2468 per]
1042 2377 1494 2448 sufficientem'attornatum:

449 2490 611 2565 videlicet,
626 2490 669 2552 ad
694 2488 851 2552 Sanctum
882 2487 1073 2571 Martynum
1097 2492 1131 2550 et
1156 2486 1200 2549 ad
1223 2483 1415 2567 Hockeday,
1438 2481 1495 2544 ubi

450 2616 560 2658 omnes
582 2592 728 2655 homincs
740 2589 856 2652 ‘auide
881 2589 1021 2673 Ehsleye
1037 2590 1149 2652 venire
1173 2587 1301 2662 debent,
1317 2585 1425 2668 etqui
1441 2585 1496 2648 de·

450 2696 530 2760 bent
553 2695 676 2757 intrare
692 2692 869 2778 Teliingam
886 2695 920 2754 et
943 2690 1032 2754 exir'c
1055 2712 1076 2754 a
1091 2687 1276 2774 Tethinga,1
1291 2709 1399 2754 coram
1416 2685 1496 2751 bail-

320 2809 323 2812 '
450 2797 526 2861 livia
549 2794 822 2860 abbatisibide'm
847 2792 973 2856 intrent
995 2797 1029 2855 et
1051 2797 1179 2867 exeant,
1203 2795 1238 2855 et
1264 2791 1388 2856 faciant
1410 2789 1497 2874 quod

451 2900 491 2964 de
522 2899 596 2982 jure
635 2895 904 2987 sacer·c1.debent.
954 2894 1039 2958 Item
1078 2894 1268 2979 recognovit
1298 2899 1421 2957 sectam
1455 2891 1498 2955 ad

451 2997 980 3081 hundredumade‘IdalmesburIa
996 3019 1055 3083 per
1077 3020 1112 3061 sc
1128 2997 1182 3061 vel
1204 3017 1263 3082 per
1284 2995 1497 3060 sufficientem

450 3109 667 3169 attornatuur·
686 3105 797 3178 suum,'
815 3100 1106 3184 quotienscumque
1137 3100 1235 3164 breve
1258 3098 1382 3162 domini
1414 3099 1498 3181 regis

453 3207 553 3271 fucrit
578 3206 613 3267 in
636 3203 749 3267 eodem
779 3201 959 3278 hundredo,
983 3207 1017 3266 et
1046 3223 1148 3286 usque
1171 3201 1365 3287 placitatum
1388 3200 1498 3273 fuerit,

453 3310 744 3394 quotienscumque
762 3305 926 3388 judicium
948 3304 1092 3390 positum
1115 3305 1216 3368 fuerit
1234 3325 1331 3388 super
1353 3302 1505 3391 afforcia-

454 3417 602 3474 mentum
636 3409 743 3480 curie,
768 3412 801 3470 et
835 3408 1124 3491 quotienscumque
1157 3407 1276 3492 aliquis
1311 3405 1500 3470 malefactor

449 3512 647 3598 judicandus
674 3509 783 3585 fuerit,
806 3510 863 3593 qui,
882 3509 1044 3594 judicium
1076 3516 1206 3594 portare
1229 3509 1348 3574 debeat
1382 3529 1500 3594 quous-

453 3637 516 3700 que
551 3613 726 3698 judicetur.
793 3611 878 3675 Item
916 3613 1107 3698 recognovit
1147 3618 1182 3676 et
1218 3613 1376 3678 concessit
1413 3611 1499 3697 quod

454 3737 565 3783 omnes
599 3714 693 3778 liberi
726 3713 872 3777 homines
911 3714 962 3776 sui
997 3714 1036 3778 de
1072 3713 1213 3800 Ehsleye
1247 3721 1428 3800 sequantur
1460 3711 1499 3776 de

453 3819 624 3882 hundredo
662 3817 699 3880 in
735 3815 943 3880 hundredum
980 3816 1070 3901 apud
1108 3815 1381 3894 Malmesburiam,
1417 3819 1502 3882 sicut

454 3921 563 4006 aliquo
590 3925 734 4005 tempore
765 3919 1035 4003 praedecessorum
1070 3941 1202 3983 suorum
1234 3919 1338 3985 facere
1369 3942 1502 3985 consue·

454 4029 582 4088 verunt.
641 4021 725 4085 Item
764 4020 953 4105 recognovit
991 4020 1078 4104 quod
1117 4022 1187 4106 ipse
1224 4021 1277 4086 vel
1316 4027 1502 4088 attornatus

454 4127 532 4210 ejus,
558 4131 592 4188 et
614 4145 724 4187 omncs
751 4123 898 4187 homines
922 4122 972 4185 sui
1009 4123 1048 4186 de
1073 4123 1222 4208 Ehsleye,
1245 4124 1371 4189 scilicet
1402 4146 1502 4188 unus-

349 4267 352 4274 ·
455 4227 591 4312 quisque
615 4224 784 4289 duodecim
815 4245 975 4289 annorum
999 4230 1033 4289 et
1056 4225 1150 4302 infra,
1175 4226 1286 4290 venire
1309 4227 1431 4291 debent
1453 4227 1502 4290 bis

455 4352 512 4416 per
554 4351 678 4394 annum
715 4327 757 4392 ad
796 4332 931 4392 turnum
974 4329 1182 4406 vicecomitis,
1221 4335 1255 4393 et
1294 4352 1353 4415 pro
1391 4330 1503 4395 eodem

455 4439 553 4496 turno
588 4431 754 4517 pacabunt
778 4430 927 4516 praedicti
960 4429 1109 4494 homines
1131 4431 1171 4496 de
1205 4431 1346 4518 Ehsleye
1380 4433 1504 4498 ballivo

402 4568 408 4590 ·
454 4535 584 4600 abbatis
607 4537 749 4620 quatuor
771 4531 890 4597 solidos
921 4553 1125 4619 perannum
1148 4534 1191 4599 ad
1222 4534 1304 4600 duos
1338 4536 1503 4614 terminos,

451 4636 610 4702 'videlicet
643 4635 686 4702 ad
717 4635 875 4700 Sanctum
899 4636 1092 4721 Martyrium
1119 4636 1201 4701 duos
1235 4637 1363 4715 solidos,
1397 4645 1431 4704 et
1462 4637 1505 4702 cd

921 4827 929 4861 ²
947 4825 1008 4886 The,
1021 4824 1078 4879 MS.
