<?xml version="1.0" encoding="UTF-8"?>
<!DOCTYPE html PUBLIC "-//W3C//DTD XHTML 1.0 Transitional//EN"
    "http://www.w3.org/TR/xhtml1/DTD/xhtml1-transitional.dtd">
<html xmlns="http://www.w3.org/1999/xhtml" xml:lang="en" lang="en">
 <head>
  <title>
</title>
<meta http-equiv="Content-Type" content="text/html;charset=utf-8" />
  <meta name='ocr-system' content='tesseract 3.04.00' />
  <meta name='ocr-capabilities' content='ocr_page ocr_carea ocr_par ocr_line ocrx_word'/>
</head>
<body>
  <div class='ocr_page' id='page_1' title='image "./registrummalmes00martgoog_0148.png"; bbox 0 0 3578 5808; ppageno 0'>
   <div class='ocr_carea' id='block_1_1' title="bbox 475 883 1272 950">
    <p class='ocr_par' dir='ltr' id='par_1_1' title="bbox 475 883 1272 950">
     <span class='ocr_line' id='line_1_1' title="bbox 475 883 1272 950; baseline 0.003 -3"><span class='ocrx_word' id='word_1_1' title='bbox 475 883 516 948; x_wconf 79' lang='lat'>52</span> <span class='ocrx_word' id='word_1_2' title='bbox 727 897 924 949; x_wconf 81' lang='lat' dir='ltr'>nnersrneu</span> <span class='ocrx_word' id='word_1_3' title='bbox 948 897 1272 950; x_wconf 75' lang='lat' dir='ltr'>mmssnummse.</span> 
     </span>
    </p>
   </div>
   <div class='ocr_carea' id='block_1_2' title="bbox 471 1082 1526 3012">
    <p class='ocr_par' dir='ltr' id='par_1_2' title="bbox 471 1082 1526 3012">
     <span class='ocr_line' id='line_1_2' title="bbox 475 1082 1525 1172; baseline 0.005 -23"><span class='ocrx_word' id='word_1_4' title='bbox 475 1084 519 1150; x_wconf 88' lang='lat' dir='ltr'>de</span> <span class='ocrx_word' id='word_1_5' title='bbox 548 1082 719 1172; x_wconf 90' lang='lat' dir='ltr'>Wyntone</span> <span class='ocrx_word' id='word_1_6' title='bbox 753 1085 883 1166; x_wconf 87' lang='lat' dir='ltr'>tenuit;</span> <span class='ocrx_word' id='word_1_7' title='bbox 913 1085 1090 1152; x_wconf 87' lang='lat' dir='ltr'>tenendam</span> <span class='ocrx_word' id='word_1_8' title='bbox 1124 1086 1166 1151; x_wconf 87' lang='lat' dir='ltr'>de</span> <span class='ocrx_word' id='word_1_9' title='bbox 1202 1085 1298 1152; x_wconf 88' lang='lat' dir='ltr'>nobis</span> <span class='ocrx_word' id='word_1_10' title='bbox 1331 1091 1366 1152; x_wconf 88' lang='lat' dir='ltr'>et</span> <span class='ocrx_word' id='word_1_11' title='bbox 1400 1106 1525 1154; x_wconf 83' lang='lat' dir='ltr'>sucees-</span> 
     </span>
     <span class='ocr_line' id='line_1_3' title="bbox 473 1187 1525 1275; baseline 0.002 -23"><span class='ocrx_word' id='word_1_12' title='bbox 473 1187 601 1253; x_wconf 86' lang='lat' dir='ltr'>soribus</span> <span class='ocrx_word' id='word_1_13' title='bbox 635 1188 756 1254; x_wconf 81' lang='lat' dir='ltr'>nostris</span> <span class='ocrx_word' id='word_1_14' title='bbox 789 1187 995 1267; x_wconf 75' lang='lat' dir='ltr'>berodIterie,</span> <span class='ocrx_word' id='word_1_15' title='bbox 1019 1188 1121 1256; x_wconf 90' lang='lat' dir='ltr'>libere</span> <span class='ocrx_word' id='word_1_16' title='bbox 1153 1193 1188 1254; x_wconf 89' lang='lat' dir='ltr'>et</span> <span class='ocrx_word' id='word_1_17' title='bbox 1214 1189 1325 1275; x_wconf 83' lang='lat' dir='ltr'>quiete</span> <span class='ocrx_word' id='word_1_18' title='bbox 1358 1189 1401 1254; x_wconf 87' lang='lat' dir='ltr'>ab</span> <span class='ocrx_word' id='word_1_19' title='bbox 1435 1190 1525 1255; x_wconf 82' lang='lat' dir='ltr'>omni</span> 
     </span>
     <span class='ocr_line' id='line_1_4' title="bbox 473 1289 1526 1378; baseline 0.003 -23"><span class='ocrx_word' id='word_1_20' title='bbox 473 1291 620 1369; x_wconf 86' lang='lat' dir='ltr'>servicio,</span> <span class='ocrx_word' id='word_1_21' title='bbox 651 1289 743 1357; x_wconf 83' lang='lat' dir='ltr'>selvo</span> <span class='ocrx_word' id='word_1_22' title='bbox 777 1291 937 1358; x_wconf 80' lang='lat' dir='ltr'>forinseco</span> <span class='ocrx_word' id='word_1_23' title='bbox 964 1291 1103 1358; x_wconf 81' lang='lat' dir='ltr'>servicio</span> <span class='ocrx_word' id='word_1_24' title='bbox 1129 1291 1317 1378; x_wconf 76' lang='lat' dir='ltr'><strong>pertinente</strong></span> <span class='ocrx_word' id='word_1_25' title='bbox 1350 1291 1395 1358; x_wconf 89' lang='lat' dir='ltr'>ad</span> <span class='ocrx_word' id='word_1_26' title='bbox 1425 1313 1526 1358; x_wconf 88' lang='lat' dir='ltr'>unam</span> 
     </span>
     <span class='ocr_line' id='line_1_5' title="bbox 473 1393 1524 1482; baseline 0.001 -23"><span class='ocrx_word' id='word_1_27' title='bbox 473 1393 639 1480; x_wconf 75' lang='lat' dir='ltr'>virgatam</span> <span class='ocrx_word' id='word_1_28' title='bbox 662 1397 759 1462; x_wconf 81' lang='lat' dir='ltr'>terroe</span> <span class='ocrx_word' id='word_1_29' title='bbox 782 1395 823 1460; x_wconf 92' lang='lat' dir='ltr'>de</span> <span class='ocrx_word' id='word_1_30' title='bbox 838 1393 943 1460; x_wconf 89' lang='lat' dir='ltr'>libero</span> <span class='ocrx_word' id='word_1_31' title='bbox 959 1394 1108 1482; x_wconf 84' lang='lat' dir='ltr'>sooegio;</span> <span class='ocrx_word' id='word_1_32' title='bbox 1130 1394 1298 1460; x_wconf 88' lang='lat' dir='ltr'>reddendo</span> <span class='ocrx_word' id='word_1_33' title='bbox 1325 1393 1403 1460; x_wconf 89' lang='lat' dir='ltr'>inde</span> <span class='ocrx_word' id='word_1_34' title='bbox 1427 1395 1524 1460; x_wconf 91' lang='lat' dir='ltr'>nobis</span> 
     </span>
     <span class='ocr_line' id='line_1_6' title="bbox 473 1495 1524 1584; baseline 0.001 -22"><span class='ocrx_word' id='word_1_35' title='bbox 473 1497 648 1562; x_wconf 87' lang='lat' dir='ltr'>annuatim</span> <span class='ocrx_word' id='word_1_36' title='bbox 670 1495 714 1564; x_wconf 88' lang='lat' dir='ltr'>vi.</span> <span class='ocrx_word' id='word_1_37' title='bbox 739 1496 794 1563; x_wconf 76' lang='lat' dir='ltr'>sot</span> <span class='ocrx_word' id='word_1_38' title='bbox 822 1496 1098 1584; x_wconf 84' lang='lat' dir='ltr'>osterlinguorum</span> <span class='ocrx_word' id='word_1_39' title='bbox 1128 1496 1171 1562; x_wconf 89' lang='lat' dir='ltr'>ad</span> <span class='ocrx_word' id='word_1_40' title='bbox 1195 1500 1337 1584; x_wconf 84' lang='lat' dir='ltr'>quatuor</span> <span class='ocrx_word' id='word_1_41' title='bbox 1366 1496 1524 1563; x_wconf 89' lang='lat' dir='ltr'>terminos</span> 
     </span>
     <span class='ocr_line' id='line_1_7' title="bbox 473 1596 1522 1679; baseline 0 -15"><span class='ocrx_word' id='word_1_42' title='bbox 473 1598 571 1679; x_wconf 82' lang='lat' dir='ltr'>anni3</span> <span class='ocrx_word' id='word_1_43' title='bbox 594 1598 636 1666; x_wconf 88' lang='lat' dir='ltr'>ad</span> <span class='ocrx_word' id='word_1_44' title='bbox 659 1599 780 1664; x_wconf 85' lang='lat' dir='ltr'>festum</span> <span class='ocrx_word' id='word_1_45' title='bbox 804 1596 919 1665; x_wconf 82' lang='lat' dir='ltr'>Sancti</span> <span class='ocrx_word' id='word_1_46' title='bbox 935 1598 1105 1666; x_wconf 81' lang='lat' dir='ltr'><strong>Michaelis</strong></span> <span class='ocrx_word' id='word_1_47' title='bbox 1128 1597 1222 1664; x_wconf 88' lang='lat' dir='ltr'>xviii.</span> <span class='ocrx_word' id='word_1_48' title='bbox 1238 1598 1321 1676; x_wconf 71' lang='lat' dir='ltr'>den„</span> <span class='ocrx_word' id='word_1_49' title='bbox 1337 1599 1380 1664; x_wconf 85' lang='lat' dir='ltr'>ad</span> <span class='ocrx_word' id='word_1_50' title='bbox 1402 1598 1522 1664; x_wconf 87' lang='lat' dir='ltr'>festum</span> 
     </span>
     <span class='ocr_line' id='line_1_8' title="bbox 474 1699 1523 1791; baseline 0.003 -25"><span class='ocrx_word' id='word_1_51' title='bbox 474 1699 589 1791; x_wconf 86' lang='lat' dir='ltr'>Sanoti</span> <span class='ocrx_word' id='word_1_52' title='bbox 611 1699 754 1767; x_wconf 75' lang='lat' dir='ltr'>Andreae</span> <span class='ocrx_word' id='word_1_53' title='bbox 776 1701 870 1768; x_wconf 88' lang='lat' dir='ltr'>xviii.</span> <span class='ocrx_word' id='word_1_54' title='bbox 894 1703 977 1779; x_wconf 89' lang='lat' dir='ltr'>den,</span> <span class='ocrx_word' id='word_1_55' title='bbox 1000 1701 1043 1767; x_wconf 90' lang='lat' dir='ltr'>ad</span> <span class='ocrx_word' id='word_1_56' title='bbox 1066 1700 1368 1768; x_wconf 86' lang='lat' dir='ltr'>Annunoiationem</span> <span class='ocrx_word' id='word_1_57' title='bbox 1393 1701 1523 1769; x_wconf 82' lang='lat' dir='ltr'>Sanotae</span> 
     </span>
     <span class='ocr_line' id='line_1_9' title="bbox 473 1802 1523 1892; baseline 0.002 -25"><span class='ocrx_word' id='word_1_58' title='bbox 473 1803 587 1870; x_wconf 86' lang='lat' dir='ltr'>Mariae</span> <span class='ocrx_word' id='word_1_59' title='bbox 621 1805 713 1870; x_wconf 85' lang='lat' dir='ltr'>xviii.</span> <span class='ocrx_word' id='word_1_60' title='bbox 738 1803 820 1882; x_wconf 88' lang='lat' dir='ltr'>den,</span> <span class='ocrx_word' id='word_1_61' title='bbox 852 1805 896 1871; x_wconf 90' lang='lat' dir='ltr'>ad</span> <span class='ocrx_word' id='word_1_62' title='bbox 927 1805 1049 1870; x_wconf 87' lang='lat' dir='ltr'>festum</span> <span class='ocrx_word' id='word_1_63' title='bbox 1084 1802 1199 1870; x_wconf 79' lang='lat' dir='ltr'>Sancti</span> <span class='ocrx_word' id='word_1_64' title='bbox 1234 1802 1398 1870; x_wconf 86' lang='lat' dir='ltr'>Jobarmis</span> <span class='ocrx_word' id='word_1_65' title='bbox 1436 1804 1523 1892; x_wconf 86' lang='lat' dir='ltr'>Bap-</span> 
     </span>
     <span class='ocr_line' id='line_1_10' title="bbox 473 1905 1523 1993; baseline 0.003 -23"><span class='ocrx_word' id='word_1_66' title='bbox 473 1905 562 1971; x_wconf 83' lang='lat' dir='ltr'>tistae</span> <span class='ocrx_word' id='word_1_67' title='bbox 586 1906 680 1972; x_wconf 84' lang='lat' dir='ltr'>xviii.</span> <span class='ocrx_word' id='word_1_68' title='bbox 703 1907 776 1971; x_wconf 90' lang='lat' dir='ltr'>den.</span> <span class='ocrx_word' id='word_1_69' title='bbox 822 1905 867 1973; x_wconf 88' lang='lat' dir='ltr'>Et</span> <span class='ocrx_word' id='word_1_70' title='bbox 890 1907 969 1993; x_wconf 85' lang='lat' dir='ltr'>quia</span> <span class='ocrx_word' id='word_1_71' title='bbox 1000 1906 1203 1973; x_wconf 86' lang='lat' dir='ltr'>dominicum</span> <span class='ocrx_word' id='word_1_72' title='bbox 1235 1910 1385 1972; x_wconf 89' lang='lat' dir='ltr'>nostrum</span> <span class='ocrx_word' id='word_1_73' title='bbox 1420 1929 1523 1993; x_wconf 89' lang='lat' dir='ltr'>usque</span> 
     </span>
     <span class='ocr_line' id='line_1_11' title="bbox 472 2009 1523 2089; baseline -0.002 -13"><span class='ocrx_word' id='word_1_74' title='bbox 472 2010 516 2076; x_wconf 85' lang='lat' dir='ltr'>ad</span> <span class='ocrx_word' id='word_1_75' title='bbox 539 2009 674 2074; x_wconf 92' lang='lat' dir='ltr'>domum</span> <span class='ocrx_word' id='word_1_76' title='bbox 697 2009 780 2076; x_wconf 88' lang='lat' dir='ltr'>dieti</span> <span class='ocrx_word' id='word_1_77' title='bbox 802 2010 833 2076; x_wconf 87' lang='lat' dir='ltr'>J.</span> <span class='ocrx_word' id='word_1_78' title='bbox 858 2011 1059 2089; x_wconf 88' lang='lat' dir='ltr'>extenditur,</span> <span class='ocrx_word' id='word_1_79' title='bbox 1085 2010 1215 2076; x_wconf 86' lang='lat' dir='ltr'>nullam</span> <span class='ocrx_word' id='word_1_80' title='bbox 1240 2009 1365 2075; x_wconf 83' lang='lat' dir='ltr'>ibidem</span> <span class='ocrx_word' id='word_1_81' title='bbox 1388 2009 1523 2075; x_wconf 89' lang='lat' dir='ltr'>domum</span> 
     </span>
     <span class='ocr_line' id='line_1_12' title="bbox 472 2111 1522 2199; baseline 0 -22"><span class='ocrx_word' id='word_1_82' title='bbox 472 2111 598 2178; x_wconf 86' lang='lat' dir='ltr'>levabit</span> <span class='ocrx_word' id='word_1_83' title='bbox 612 2118 672 2179; x_wconf 87' lang='lat' dir='ltr'>aut</span> <span class='ocrx_word' id='word_1_84' title='bbox 695 2113 873 2180; x_wconf 82' lang='lat' dir='ltr'>aedificabit</span> <span class='ocrx_word' id='word_1_85' title='bbox 894 2113 983 2199; x_wconf 91' lang='lat' dir='ltr'>quod</span> <span class='ocrx_word' id='word_1_86' title='bbox 1005 2113 1102 2178; x_wconf 91' lang='lat' dir='ltr'>nobis</span> <span class='ocrx_word' id='word_1_87' title='bbox 1124 2119 1185 2179; x_wconf 87' lang='lat' dir='ltr'>eut</span> <span class='ocrx_word' id='word_1_88' title='bbox 1215 2113 1336 2178; x_wconf 90' lang='lat' dir='ltr'>nostris</span> <span class='ocrx_word' id='word_1_89' title='bbox 1358 2113 1401 2178; x_wconf 91' lang='lat' dir='ltr'>ad</span> <span class='ocrx_word' id='word_1_90' title='bbox 1424 2133 1522 2180; x_wconf 84' lang='lat' dir='ltr'>noeu-</span> 
     </span>
     <span class='ocr_line' id='line_1_13' title="bbox 472 2213 1523 2300; baseline 0.002 -22"><span class='ocrx_word' id='word_1_91' title='bbox 472 2218 621 2279; x_wconf 90' lang='lat' dir='ltr'>mentum</span> <span class='ocrx_word' id='word_1_92' title='bbox 644 2213 705 2281; x_wconf 87' lang='lat' dir='ltr'>fiat</span> <span class='ocrx_word' id='word_1_93' title='bbox 726 2221 787 2280; x_wconf 87' lang='lat' dir='ltr'>aut</span> <span class='ocrx_word' id='word_1_94' title='bbox 808 2215 1027 2300; x_wconf 81' lang='lat' dir='ltr'>dispendium.</span> <span class='ocrx_word' id='word_1_95' title='bbox 1072 2215 1136 2281; x_wconf 89' lang='lat' dir='ltr'>Pro</span> <span class='ocrx_word' id='word_1_96' title='bbox 1159 2214 1221 2281; x_wconf 87' lang='lat' dir='ltr'>hae</span> <span class='ocrx_word' id='word_1_97' title='bbox 1252 2219 1363 2281; x_wconf 88' lang='lat' dir='ltr'>autem</span> <span class='ocrx_word' id='word_1_98' title='bbox 1396 2235 1523 2282; x_wconf 81' lang='lat' dir='ltr'>eonces-</span> 
     </span>
     <span class='ocr_line' id='line_1_14' title="bbox 473 2316 1522 2384; baseline 0.003 -4"><span class='ocrx_word' id='word_1_99' title='bbox 473 2317 563 2382; x_wconf 88' lang='lat' dir='ltr'>sione</span> <span class='ocrx_word' id='word_1_100' title='bbox 598 2321 632 2382; x_wconf 89' lang='lat' dir='ltr'>et</span> <span class='ocrx_word' id='word_1_101' title='bbox 663 2316 910 2384; x_wconf 82' lang='lat' dir='ltr'>confirmatione</span> <span class='ocrx_word' id='word_1_102' title='bbox 944 2318 1038 2384; x_wconf 89' lang='lat' dir='ltr'>dedit</span> <span class='ocrx_word' id='word_1_103' title='bbox 1068 2318 1164 2384; x_wconf 92' lang='lat' dir='ltr'>nobis</span> <span class='ocrx_word' id='word_1_104' title='bbox 1197 2317 1307 2384; x_wconf 86' lang='lat' dir='ltr'>dietus</span> <span class='ocrx_word' id='word_1_105' title='bbox 1333 2316 1364 2382; x_wconf 86' lang='lat' dir='ltr'>J.</span> <span class='ocrx_word' id='word_1_106' title='bbox 1388 2318 1522 2383; x_wconf 90' lang='lat' dir='ltr'>domum</span> 
     </span>
     <span class='ocr_line' id='line_1_15' title="bbox 471 2417 1521 2508; baseline 0.002 -24"><span class='ocrx_word' id='word_1_107' title='bbox 471 2439 573 2484; x_wconf 90' lang='lat' dir='ltr'>unam</span> <span class='ocrx_word' id='word_1_108' title='bbox 596 2439 696 2505; x_wconf 87' lang='lat' dir='ltr'>quam</span> <span class='ocrx_word' id='word_1_109' title='bbox 719 2420 759 2485; x_wconf 91' lang='lat' dir='ltr'>de</span> <span class='ocrx_word' id='word_1_110' title='bbox 782 2417 878 2485; x_wconf 91' lang='lat' dir='ltr'>nobis</span> <span class='ocrx_word' id='word_1_111' title='bbox 900 2419 1011 2486; x_wconf 87' lang='lat' dir='ltr'>tenuit</span> <span class='ocrx_word' id='word_1_112' title='bbox 1041 2419 1078 2484; x_wconf 90' lang='lat' dir='ltr'>in</span> <span class='ocrx_word' id='word_1_113' title='bbox 1110 2419 1278 2508; x_wconf 80' lang='lat' dir='ltr'>burgagio,</span> <span class='ocrx_word' id='word_1_114' title='bbox 1301 2419 1337 2484; x_wconf 91' lang='lat' dir='ltr'>in</span> <span class='ocrx_word' id='word_1_115' title='bbox 1370 2419 1452 2486; x_wconf 85' lang='lat' dir='ltr'>villa</span> <span class='ocrx_word' id='word_1_116' title='bbox 1481 2421 1521 2486; x_wconf 88' lang='lat' dir='ltr'>de</span> 
     </span>
     <span class='ocr_line' id='line_1_16' title="bbox 472 2519 1522 2608; baseline 0.004 -22"><span class='ocrx_word' id='word_1_117' title='bbox 472 2519 714 2601; x_wconf 82' lang='lat' dir='ltr'>Malmesburia,</span> <span class='ocrx_word' id='word_1_118' title='bbox 749 2525 844 2589; x_wconf 86' lang='lat' dir='ltr'>extra</span> <span class='ocrx_word' id='word_1_119' title='bbox 881 2543 1000 2600; x_wconf 91' lang='lat' dir='ltr'>muros,</span> <span class='ocrx_word' id='word_1_120' title='bbox 1039 2541 1138 2608; x_wconf 88' lang='lat' dir='ltr'>quam</span> <span class='ocrx_word' id='word_1_121' title='bbox 1175 2521 1272 2587; x_wconf 89' lang='lat' dir='ltr'>nobis</span> <span class='ocrx_word' id='word_1_122' title='bbox 1305 2523 1522 2590; x_wconf 72' lang='lat' dir='ltr'>warrantizare</span> 
     </span>
     <span class='ocr_line' id='line_1_17' title="bbox 474 2623 1522 2713; baseline 0.001 -24"><span class='ocrx_word' id='word_1_123' title='bbox 474 2627 629 2705; x_wconf 89' lang='lat' dir='ltr'>tenetur;</span> <span class='ocrx_word' id='word_1_124' title='bbox 661 2623 753 2690; x_wconf 89' lang='lat' dir='ltr'>illam</span> <span class='ocrx_word' id='word_1_125' title='bbox 792 2623 917 2691; x_wconf 84' lang='lat' dir='ltr'>scilieet</span> <span class='ocrx_word' id='word_1_126' title='bbox 953 2644 1053 2710; x_wconf 91' lang='lat' dir='ltr'>quam</span> <span class='ocrx_word' id='word_1_127' title='bbox 1087 2623 1118 2689; x_wconf 83' lang='lat' dir='ltr'>J.</span> <span class='ocrx_word' id='word_1_128' title='bbox 1150 2624 1191 2689; x_wconf 89' lang='lat' dir='ltr'>de</span> <span class='ocrx_word' id='word_1_129' title='bbox 1225 2623 1394 2711; x_wconf 85' lang='lat' dir='ltr'>Wyntone</span> <span class='ocrx_word' id='word_1_130' title='bbox 1427 2630 1522 2713; x_wconf 87' lang='lat' dir='ltr'>pater</span> 
     </span>
     <span class='ocr_line' id='line_1_18' title="bbox 473 2725 1521 2814; baseline 0.003 -23"><span class='ocrx_word' id='word_1_131' title='bbox 473 2726 556 2793; x_wconf 88' lang='lat' dir='ltr'>dieti</span> <span class='ocrx_word' id='word_1_132' title='bbox 579 2727 609 2794; x_wconf 87' lang='lat' dir='ltr'>J.</span> <span class='ocrx_word' id='word_1_133' title='bbox 633 2726 744 2793; x_wconf 86' lang='lat' dir='ltr'>tenuit</span> <span class='ocrx_word' id='word_1_134' title='bbox 773 2728 810 2792; x_wconf 92' lang='lat' dir='ltr'>in</span> <span class='ocrx_word' id='word_1_135' title='bbox 832 2728 906 2794; x_wconf 86' lang='lat' dir='ltr'>vieo</span> <span class='ocrx_word' id='word_1_136' title='bbox 928 2728 1016 2794; x_wconf 83' lang='lat' dir='ltr'>inter</span> <span class='ocrx_word' id='word_1_137' title='bbox 1050 2726 1209 2814; x_wconf 83' lang='lat' dir='ltr'>capellam</span> <span class='ocrx_word' id='word_1_138' title='bbox 1242 2725 1374 2794; x_wconf 82' lang='lat' dir='ltr'>Sanetae</span> <span class='ocrx_word' id='word_1_139' title='bbox 1406 2725 1521 2794; x_wconf 83' lang='lat' dir='ltr'>Mariae</span> 
     </span>
     <span class='ocr_line' id='line_1_19' title="bbox 472 2829 1520 2917; baseline 0.002 -22"><span class='ocrx_word' id='word_1_140' title='bbox 472 2835 507 2895; x_wconf 92' lang='lat' dir='ltr'>et</span> <span class='ocrx_word' id='word_1_141' title='bbox 529 2835 664 2916; x_wconf 83' lang='lat' dir='ltr'>pontem</span> <span class='ocrx_word' id='word_1_142' title='bbox 686 2839 782 2917; x_wconf 80' lang='lat' dir='ltr'>peyn,</span> <span class='ocrx_word' id='word_1_143' title='bbox 802 2830 904 2916; x_wconf 84' lang='lat' dir='ltr'>juxte</span> <span class='ocrx_word' id='word_1_144' title='bbox 937 2831 1072 2897; x_wconf 92' lang='lat' dir='ltr'>domum</span> <span class='ocrx_word' id='word_1_145' title='bbox 1104 2852 1179 2916; x_wconf 87' lang='lat' dir='ltr'>quae</span> <span class='ocrx_word' id='word_1_146' title='bbox 1211 2829 1277 2895; x_wconf 86' lang='lat' dir='ltr'>fuit</span> <span class='ocrx_word' id='word_1_147' title='bbox 1298 2829 1329 2896; x_wconf 86' lang='lat' dir='ltr'>J.</span> <span class='ocrx_word' id='word_1_148' title='bbox 1354 2831 1394 2896; x_wconf 90' lang='lat' dir='ltr'>de</span> <span class='ocrx_word' id='word_1_149' title='bbox 1424 2831 1520 2898; x_wconf 63' lang='lat' dir='ltr'>Monf.</span> 
     </span>
     <span class='ocr_line' id='line_1_20' title="bbox 471 2930 1332 3012; baseline 0.003 -16"><span class='ocrx_word' id='word_1_150' title='bbox 471 2930 516 2998; x_wconf 84' lang='lat' dir='ltr'>Et</span> <span class='ocrx_word' id='word_1_151' title='bbox 539 2936 577 2998; x_wconf 92' lang='lat' dir='ltr'>ut</span> <span class='ocrx_word' id='word_1_152' title='bbox 599 2931 669 3000; x_wconf 81' lang='lat' dir='ltr'>haec</span> <span class='ocrx_word' id='word_1_153' title='bbox 692 2933 864 3012; x_wconf 87' lang='lat' dir='ltr'>oenoessio,</span> <span class='ocrx_word' id='word_1_154' title='bbox 886 2938 946 3002; x_wconf 82' lang='lat' dir='ltr'>eto</span> <span class='ocrx_word' id='word_1_155' title='bbox 992 2931 1070 2998; x_wconf 89' lang='lat' dir='ltr'>Hiis</span> <span class='ocrx_word' id='word_1_156' title='bbox 1100 2932 1250 3011; x_wconf 83' lang='lat' dir='ltr'>testibus,</span> <span class='ocrx_word' id='word_1_157' title='bbox 1273 2937 1332 2999; x_wconf 84' lang='lat' dir='ltr'>eto.</span> 
     </span>
    </p>
   </div>
   <div class='ocr_carea' id='block_1_3' title="bbox 853 3193 1144 3263">
    <p class='ocr_par' dir='ltr' id='par_1_3' title="bbox 853 3193 1144 3263">
     <span class='ocr_line' id='line_1_21' title="bbox 853 3193 1144 3263; baseline -0.003 -1"><span class='ocrx_word' id='word_1_158' title='bbox 853 3195 932 3262; x_wconf 78' lang='lat' dir='ltr'>OAP.</span> <span class='ocrx_word' id='word_1_159' title='bbox 957 3193 1144 3263; x_wconf 75' lang='lat' dir='ltr'>CXCVIII.</span> 
     </span>
    </p>
   </div>
   <div class='ocr_carea' id='block_1_4' title="bbox 474 3359 1520 3534">
    <p class='ocr_par' dir='ltr' id='par_1_4' title="bbox 474 3359 1520 3534">
     <span class='ocr_line' id='line_1_22' title="bbox 474 3359 1520 3534; baseline 0.002 -106"><span class='ocrx_word' id='word_1_160' title='bbox 474 3361 578 3428; x_wconf 78' lang='lat' dir='ltr'>Certa</span> <span class='ocrx_word' id='word_1_161' title='bbox 600 3361 749 3447; x_wconf 73' lang='lat' dir='ltr'>ejusdem</span> <span class='ocrx_word' id='word_1_162' title='bbox 765 3360 863 3451; x_wconf 78' lang='lat' dir='ltr'>foetu</span> <span class='ocrx_word' id='word_1_163' title='bbox 887 3362 1033 3534; x_wconf 50' lang='lat' dir='ltr'>mim</span> <span class='ocrx_word' id='word_1_164' title='bbox 1066 3363 1183 3430; x_wconf 75' lang='lat' dir='ltr'>Alone</span> <span class='ocrx_word' id='word_1_165' title='bbox 1214 3360 1331 3430; x_wconf 81' lang='lat' dir='ltr'>Beeset</span> <span class='ocrx_word' id='word_1_166' title='bbox 1355 3359 1520 3454; x_wconf 82' lang='lat' dir='ltr'>depereo</span> 
     </span>
     <span class='ocr_line' id='line_1_23' title="bbox 992 3472 1108 3534; baseline 0 0"><span class='ocrx_word' id='word_1_167' title='bbox 992 3472 1108 3534; x_wconf 77' lang='lat' dir='ltr'>ottone.</span> 
     </span>
    </p>
   </div>
   <div class='ocr_carea' id='block_1_5' title="bbox 516 3604 1520 3693">
    <p class='ocr_par' dir='ltr' id='par_1_5' title="bbox 516 3604 1520 3693">
     <span class='ocr_line' id='line_1_24' title="bbox 516 3604 1520 3693; baseline -0.001 -20"><span class='ocrx_word' id='word_1_168' title='bbox 516 3606 691 3673; x_wconf 84' lang='lat' dir='ltr'>Universis</span> <span class='ocrx_word' id='word_1_169' title='bbox 714 3604 838 3671; x_wconf 81' lang='lat' dir='ltr'>Christi</span> <span class='ocrx_word' id='word_1_170' title='bbox 861 3605 1014 3672; x_wconf 91' lang='lat' dir='ltr'>fidelibus</span> <span class='ocrx_word' id='word_1_171' title='bbox 1037 3609 1233 3693; x_wconf 74' lang='lat' dir='ltr'>praesentem</span> <span class='ocrx_word' id='word_1_172' title='bbox 1248 3611 1372 3674; x_wconf 78' lang='lat' dir='ltr'>cartem</span> <span class='ocrx_word' id='word_1_173' title='bbox 1395 3607 1520 3693; x_wconf 86' lang='lat' dir='ltr'>inspee-</span> 
     </span>
    </p>
   </div>
   <div class='ocr_carea' id='block_1_6' title="bbox 339 3701 1519 3898">
    <p class='ocr_par' dir='ltr' id='par_1_6' title="bbox 339 3701 1519 3898">
     <span class='ocr_line' id='line_1_25' title="bbox 339 3701 1519 3796; baseline 0.001 -21"><span class='ocrx_word' id='word_1_174' title='bbox 339 3701 392 3736; x_wconf 88' lang='lat'>⁰⁰</span> <span class='ocrx_word' id='word_1_175' title='bbox 472 3711 556 3775; x_wconf 88' lang='lat' dir='ltr'>turis</span> <span class='ocrx_word' id='word_1_176' title='bbox 579 3709 633 3775; x_wconf 87' lang='lat' dir='ltr'>vel</span> <span class='ocrx_word' id='word_1_177' title='bbox 656 3710 828 3787; x_wconf 79' lang='lat' dir='ltr'>audituris,</span> <span class='ocrx_word' id='word_1_178' title='bbox 851 3708 882 3775; x_wconf 80' lang='lat' dir='ltr'>J.</span> <span class='ocrx_word' id='word_1_179' title='bbox 905 3707 970 3776; x_wconf 90' lang='lat' dir='ltr'>Dei</span> <span class='ocrx_word' id='word_1_180' title='bbox 1001 3710 1109 3796; x_wconf 88' lang='lat' dir='ltr'>gratia</span> <span class='ocrx_word' id='word_1_181' title='bbox 1142 3709 1244 3776; x_wconf 84' lang='lat' dir='ltr'>abbas</span> <span class='ocrx_word' id='word_1_182' title='bbox 1278 3710 1519 3777; x_wconf 85' lang='lat' dir='ltr'>MaImesburiae</span> 
     </span>
     <span class='ocr_line' id='line_1_26' title="bbox 341 3811 1519 3898; baseline -0.002 -20"><span class='ocrx_word' id='word_1_183' title='bbox 341 3833 374 3868; x_wconf 81' lang='lat' dir='ltr'>an</span> <span class='ocrx_word' id='word_1_184' title='bbox 471 3818 506 3878; x_wconf 87' lang='lat' dir='ltr'>et</span> <span class='ocrx_word' id='word_1_185' title='bbox 527 3812 674 3898; x_wconf 87' lang='lat' dir='ltr'>ejusdem</span> <span class='ocrx_word' id='word_1_186' title='bbox 697 3811 760 3876; x_wconf 88' lang='lat' dir='ltr'>looi</span> <span class='ocrx_word' id='word_1_187' title='bbox 783 3816 965 3876; x_wconf 83' lang='lat' dir='ltr'>conventus</span> <span class='ocrx_word' id='word_1_188' title='bbox 988 3811 1128 3876; x_wconf 87' lang='lat' dir='ltr'>salutem</span> <span class='ocrx_word' id='word_1_189' title='bbox 1144 3816 1301 3878; x_wconf 74' lang='lat' dir='ltr'>aeternam</span> <span class='ocrx_word' id='word_1_190' title='bbox 1316 3813 1353 3877; x_wconf 92' lang='lat' dir='ltr'>in</span> <span class='ocrx_word' id='word_1_191' title='bbox 1368 3812 1519 3877; x_wconf 90' lang='lat' dir='ltr'>Domino.</span> 
     </span>
    </p>
   </div>
   <div class='ocr_carea' id='block_1_7' title="bbox 393 3913 1519 4918">
    <p class='ocr_par' dir='ltr' id='par_1_7' title="bbox 393 3913 1519 4918">
     <span class='ocr_line' id='line_1_27' title="bbox 395 3913 1519 4001; baseline -0.001 -20"><span class='ocrx_word' id='word_1_192' title='bbox 395 3925 401 3940; x_wconf 92' lang='grc'><strong><em>·</em></strong></span> <span class='ocrx_word' id='word_1_193' title='bbox 470 3915 614 3981; x_wconf 84' lang='lat' dir='ltr'>Noverit</span> <span class='ocrx_word' id='word_1_194' title='bbox 636 3913 835 3978; x_wconf 81' lang='lat' dir='ltr'>universitas</span> <span class='ocrx_word' id='word_1_195' title='bbox 859 3917 969 3979; x_wconf 86' lang='lat' dir='ltr'>vestra</span> <span class='ocrx_word' id='word_1_196' title='bbox 991 3933 1051 3979; x_wconf 90' lang='lat' dir='ltr'>nos</span> <span class='ocrx_word' id='word_1_197' title='bbox 1082 3915 1274 3981; x_wconf 87' lang='lat' dir='ltr'>oonoessisse</span> <span class='ocrx_word' id='word_1_198' title='bbox 1297 3920 1332 3980; x_wconf 88' lang='lat' dir='ltr'>et</span> <span class='ocrx_word' id='word_1_199' title='bbox 1353 3915 1415 3980; x_wconf 87' lang='lat' dir='ltr'>hae</span> <span class='ocrx_word' id='word_1_200' title='bbox 1436 3935 1519 4001; x_wconf 84' lang='lat' dir='ltr'>prse-</span> 
     </span>
     <span class='ocr_line' id='line_1_28' title="bbox 470 4015 1519 4083; baseline 0.001 -1"><span class='ocrx_word' id='word_1_201' title='bbox 470 4017 557 4082; x_wconf 89' lang='lat' dir='ltr'>senti</span> <span class='ocrx_word' id='word_1_202' title='bbox 580 4021 671 4083; x_wconf 85' lang='lat' dir='ltr'>carte</span> <span class='ocrx_word' id='word_1_203' title='bbox 692 4019 806 4081; x_wconf 86' lang='lat' dir='ltr'>nostre</span> <span class='ocrx_word' id='word_1_204' title='bbox 828 4015 1035 4081; x_wconf 80' lang='lat' dir='ltr'>confirmasse</span> <span class='ocrx_word' id='word_1_205' title='bbox 1058 4016 1192 4081; x_wconf 93' lang='lat' dir='ltr'>domino</span> <span class='ocrx_word' id='word_1_206' title='bbox 1215 4017 1324 4082; x_wconf 85' lang='lat' dir='ltr'>AIano</span> <span class='ocrx_word' id='word_1_207' title='bbox 1347 4017 1463 4083; x_wconf 86' lang='lat' dir='ltr'>Basset</span> <span class='ocrx_word' id='word_1_208' title='bbox 1485 4021 1519 4083; x_wconf 90' lang='lat' dir='ltr'>et</span> 
     </span>
     <span class='ocr_line' id='line_1_29' title="bbox 469 4116 1519 4205; baseline -0.001 -21"><span class='ocrx_word' id='word_1_209' title='bbox 469 4119 646 4184; x_wconf 86' lang='lat' dir='ltr'>heredibus</span> <span class='ocrx_word' id='word_1_210' title='bbox 669 4119 737 4183; x_wconf 88' lang='lat' dir='ltr'>suis</span> <span class='ocrx_word' id='word_1_211' title='bbox 760 4137 895 4204; x_wconf 86' lang='lat' dir='ltr'>pereum</span> <span class='ocrx_word' id='word_1_212' title='bbox 918 4137 1014 4182; x_wconf 90' lang='lat' dir='ltr'>suum</span> <span class='ocrx_word' id='word_1_213' title='bbox 1037 4116 1078 4182; x_wconf 91' lang='lat' dir='ltr'>de</span> <span class='ocrx_word' id='word_1_214' title='bbox 1094 4116 1260 4198; x_wconf 88' lang='lat' dir='ltr'>Wottone,</span> <span class='ocrx_word' id='word_1_215' title='bbox 1282 4118 1319 4183; x_wconf 89' lang='lat' dir='ltr'>in</span> <span class='ocrx_word' id='word_1_216' title='bbox 1345 4140 1411 4205; x_wconf 92' lang='lat' dir='ltr'>quo</span> <span class='ocrx_word' id='word_1_217' title='bbox 1432 4141 1519 4186; x_wconf 89' lang='lat' dir='ltr'>eom-</span> 
     </span>
     <span class='ocr_line' id='line_1_30' title="bbox 393 4219 1518 4306; baseline 0 -20"><span class='ocrx_word' id='word_1_218' title='bbox 393 4302 394 4306; x_wconf 9' lang='lat'><em>*</em></span> <span class='ocrx_word' id='word_1_219' title='bbox 469 4242 605 4286; x_wconf 89' lang='lat' dir='ltr'>munem</span> <span class='ocrx_word' id='word_1_220' title='bbox 627 4219 748 4286; x_wconf 88' lang='lat' dir='ltr'>habere</span> <span class='ocrx_word' id='word_1_221' title='bbox 785 4219 1017 4286; x_wconf 70' lang='lat' dir='ltr'>clamavimus:</span> <span class='ocrx_word' id='word_1_222' title='bbox 1039 4220 1221 4285; x_wconf 89' lang='lat' dir='ltr'>tenendum</span> <span class='ocrx_word' id='word_1_223' title='bbox 1253 4225 1288 4286; x_wconf 92' lang='lat' dir='ltr'>et</span> <span class='ocrx_word' id='word_1_224' title='bbox 1330 4220 1518 4287; x_wconf 88' lang='lat' dir='ltr'>habendum</span> 
     </span>
     <span class='ocr_line' id='line_1_31' title="bbox 469 4321 1517 4410; baseline -0.001 -21"><span class='ocrx_word' id='word_1_225' title='bbox 469 4323 592 4389; x_wconf 88' lang='lat' dir='ltr'>eisdem</span> <span class='ocrx_word' id='word_1_226' title='bbox 614 4322 697 4387; x_wconf 88' lang='lat' dir='ltr'>bene</span> <span class='ocrx_word' id='word_1_227' title='bbox 721 4328 755 4387; x_wconf 90' lang='lat' dir='ltr'>et</span> <span class='ocrx_word' id='word_1_228' title='bbox 777 4321 814 4385; x_wconf 91' lang='lat' dir='ltr'>in</span> <span class='ocrx_word' id='word_1_229' title='bbox 836 4341 922 4408; x_wconf 87' lang='lat' dir='ltr'>peoe,</span> <span class='ocrx_word' id='word_1_230' title='bbox 946 4321 1041 4407; x_wconf 87' lang='lat' dir='ltr'>plene</span> <span class='ocrx_word' id='word_1_231' title='bbox 1064 4327 1099 4386; x_wconf 91' lang='lat' dir='ltr'>et</span> <span class='ocrx_word' id='word_1_232' title='bbox 1121 4321 1250 4410; x_wconf 86' lang='lat' dir='ltr'>integre</span> <span class='ocrx_word' id='word_1_233' title='bbox 1268 4323 1517 4410; x_wconf 90' lang='lat' dir='ltr'>imperpetuum,</span> 
     </span>
     <span class='ocr_line' id='line_1_32' title="bbox 469 4415 1517 4511; baseline 0 -21"><span class='ocrx_word' id='word_1_234' title='bbox 469 4423 615 4490; x_wconf 85' lang='lat' dir='ltr'>solutum</span> <span class='ocrx_word' id='word_1_235' title='bbox 638 4431 673 4490; x_wconf 88' lang='lat' dir='ltr'>et</span> <span class='ocrx_word' id='word_1_236' title='bbox 695 4424 845 4511; x_wconf 88' lang='lat' dir='ltr'>quietum</span> <span class='ocrx_word' id='word_1_237' title='bbox 868 4424 1003 4489; x_wconf 92' lang='lat' dir='ltr'>omnino</span> <span class='ocrx_word' id='word_1_238' title='bbox 1025 4424 1066 4490; x_wconf 85' lang='lat' dir='ltr'>de</span> <span class='ocrx_word' id='word_1_239' title='bbox 1088 4425 1183 4490; x_wconf 91' lang='lat' dir='ltr'>nobis</span> <span class='ocrx_word' id='word_1_240' title='bbox 1217 4430 1253 4491; x_wconf 90' lang='lat' dir='ltr'>et</span> <span class='ocrx_word' id='word_1_241' title='bbox 1283 4415 1517 4493; x_wconf 82' lang='lat' dir='ltr'>suecessoribus</span> 
     </span>
     <span class='ocr_line' id='line_1_33' title="bbox 468 4525 1517 4613; baseline 0.001 -22"><span class='ocrx_word' id='word_1_242' title='bbox 468 4525 607 4592; x_wconf 86' lang='lat' dir='ltr'>nostris:</span> <span class='ocrx_word' id='word_1_243' title='bbox 630 4525 678 4592; x_wconf 85' lang='lat' dir='ltr'>ite</span> <span class='ocrx_word' id='word_1_244' title='bbox 701 4525 789 4612; x_wconf 90' lang='lat' dir='ltr'>quod</span> <span class='ocrx_word' id='word_1_245' title='bbox 811 4547 880 4604; x_wconf 90' lang='lat' dir='ltr'>nos,</span> <span class='ocrx_word' id='word_1_246' title='bbox 902 4526 957 4591; x_wconf 89' lang='lat' dir='ltr'>vel</span> <span class='ocrx_word' id='word_1_247' title='bbox 979 4545 1176 4592; x_wconf 79' lang='lat' dir='ltr'>successores</span> <span class='ocrx_word' id='word_1_248' title='bbox 1203 4527 1315 4605; x_wconf 92' lang='lat' dir='ltr'>nostri,</span> <span class='ocrx_word' id='word_1_249' title='bbox 1338 4548 1517 4613; x_wconf 90' lang='lat' dir='ltr'>numquam</span> 
     </span>
     <span class='ocr_line' id='line_1_34' title="bbox 469 4627 1516 4716; baseline 0 -22"><span class='ocrx_word' id='word_1_250' title='bbox 469 4628 596 4714; x_wconf 76' lang='lat' dir='ltr'>aliquid</span> <span class='ocrx_word' id='word_1_251' title='bbox 614 4628 710 4715; x_wconf 90' lang='lat' dir='ltr'>juris,</span> <span class='ocrx_word' id='word_1_252' title='bbox 733 4627 786 4694; x_wconf 91' lang='lat' dir='ltr'>vel</span> <span class='ocrx_word' id='word_1_253' title='bbox 810 4627 928 4705; x_wconf 88' lang='lat' dir='ltr'>elamii,</span> <span class='ocrx_word' id='word_1_254' title='bbox 952 4628 1081 4714; x_wconf 93' lang='lat' dir='ltr'>inipso</span> <span class='ocrx_word' id='word_1_255' title='bbox 1104 4649 1202 4715; x_wconf 85' lang='lat' dir='ltr'>pareo</span> <span class='ocrx_word' id='word_1_256' title='bbox 1225 4629 1399 4695; x_wconf 88' lang='lat' dir='ltr'>vendieare</span> <span class='ocrx_word' id='word_1_257' title='bbox 1415 4631 1516 4716; x_wconf 88' lang='lat' dir='ltr'>possi-</span> 
     </span>
     <span class='ocr_line' id='line_1_35' title="bbox 468 4730 1517 4817; baseline 0.001 -22"><span class='ocrx_word' id='word_1_258' title='bbox 468 4753 550 4809; x_wconf 89' lang='lat' dir='ltr'>mus,</span> <span class='ocrx_word' id='word_1_259' title='bbox 573 4730 630 4796; x_wconf 89' lang='lat' dir='ltr'>sed</span> <span class='ocrx_word' id='word_1_260' title='bbox 652 4731 701 4796; x_wconf 81' lang='lat' dir='ltr'>ite</span> <span class='ocrx_word' id='word_1_261' title='bbox 724 4731 966 4816; x_wconf 87' lang='lat' dir='ltr'>imperpetuum</span> <span class='ocrx_word' id='word_1_262' title='bbox 999 4752 1057 4817; x_wconf 88' lang='lat' dir='ltr'>per</span> <span class='ocrx_word' id='word_1_263' title='bbox 1090 4730 1220 4796; x_wconf 87' lang='lat' dir='ltr'>easdem</span> <span class='ocrx_word' id='word_1_264' title='bbox 1253 4737 1358 4796; x_wconf 87' lang='lat' dir='ltr'>metas</span> <span class='ocrx_word' id='word_1_265' title='bbox 1390 4753 1517 4817; x_wconf 88' lang='lat' dir='ltr'>perma-</span> 
     </span>
     <span class='ocr_line' id='line_1_36' title="bbox 467 4831 1514 4918; baseline -0.001 -19"><span class='ocrx_word' id='word_1_266' title='bbox 467 4837 554 4912; x_wconf 87' lang='lat' dir='ltr'>neat,</span> <span class='ocrx_word' id='word_1_267' title='bbox 577 4832 663 4899; x_wconf 88' lang='lat' dir='ltr'>siout</span> <span class='ocrx_word' id='word_1_268' title='bbox 685 4831 753 4898; x_wconf 81' lang='lat' dir='ltr'>fuit</span> <span class='ocrx_word' id='word_1_269' title='bbox 775 4831 828 4897; x_wconf 88' lang='lat' dir='ltr'>die</span> <span class='ocrx_word' id='word_1_270' title='bbox 851 4831 916 4910; x_wconf 84' lang='lat' dir='ltr'>illa,</span> <span class='ocrx_word' id='word_1_271' title='bbox 949 4855 1014 4918; x_wconf 89' lang='lat' dir='ltr'>que</span> <span class='ocrx_word' id='word_1_272' title='bbox 1047 4837 1139 4898; x_wconf 81' lang='lat' dir='ltr'>certe</span> <span class='ocrx_word' id='word_1_273' title='bbox 1171 4832 1237 4899; x_wconf 88' lang='lat' dir='ltr'>ista</span> <span class='ocrx_word' id='word_1_274' title='bbox 1266 4832 1413 4900; x_wconf 81' lang='lat' dir='ltr'>confecta</span> <span class='ocrx_word' id='word_1_275' title='bbox 1443 4833 1514 4899; x_wconf 87' lang='lat' dir='ltr'>fuit.</span> 
     </span>
    </p>
   </div>
   <div class='ocr_carea' id='block_1_8' title="bbox 0 0 1794 5808">
    <p class='ocr_par' dir='ltr' id='par_1_8' title="bbox 0 0 1794 5808">
     <span class='ocr_line' id='line_1_37' title="bbox 0 0 1794 5808; baseline 0 4"><span class='ocrx_word' id='word_1_276' title='bbox 0 0 1794 5808; x_wconf 95' lang='lat' dir='ltr'> </span> 
     </span>
    </p>
   </div>
  </div>
 </body>
</html>
