3526 5810
455 851 521 916 302
710 869 908 920 nnarsrnuu
931 871 1252 924 umumsumsusn

454 1049 676 1134 quietabimus
699 1057 733 1118 et
755 1053 968 1121 defendemus
998 1057 1250 1145 imperpetuum
1297 1060 1342 1126 Et
1372 1061 1409 1125 in
1442 1065 1509 1126 aes-

454 1153 630 1218 timonium
662 1155 763 1241 hujus
801 1160 1018 1225 concessionis
1056 1167 1091 1227 et
1124 1163 1383 1229 confirmationis
1415 1185 1506 1242 meoe,

453 1252 514 1320 hoc
537 1256 696 1343 seriptum
713 1258 842 1324 eisdem
864 1260 980 1326 abbati
1010 1267 1045 1327 et
1066 1266 1247 1330 conventui
1269 1264 1343 1345 faoi,
1367 1271 1402 1332 et
1423 1265 1506 1330 illud

452 1356 560 1443 sigillo
583 1379 656 1425 meo
678 1361 818 1447 signavi.
864 1363 941 1428 Hiis
964 1363 1114 1445 testibus,
1138 1371 1197 1434 etc.

832 1627 911 1694 Car.
936 1627 1127 1696 CCCCXX.

455 1776 623 1862 obligatio
652 1778 799 1863 ejusdem
829 1780 966 1848 Roberti
989 1781 1037 1847 cal
1067 1783 1266 1851 solvendam
1295 1783 1406 1871 regule
1434 1807 1501 1850 ser-

668 1881 853 1948 viciumet
840 1882 1041 1957 traiectum
1063 1905 1131 1970 pro
1154 1884 1277 1951 eodem

283 2047 359 2097 Βοιιιι
370 2047 399 2096 οι
497 2029 660 2095 Omnibus
684 2029 811 2094 Christi
834 2029 988 2096 fidelibus
1020 2054 1164 2120 praesens
1196 2034 1356 2120 scriptum
1380 2035 1501 2099 visuris

284 2115 420 2230 {eunde
451 2132 504 2196 vel
527 2133 622 2197 audit
608 2133 700 2208 turis,
723 2132 887 2198 Robertus
909 2133 950 2198 de
973 2133 1154 2220 Heywode‚
1178 2135 1319 2202 salutem
1342 2143 1500 2204 aetemam

283 2195 460 2312 tooyabthe'
450 2254 487 2297 m
505 2233 655 2298 Domino.
695 2233 838 2299 Noverit
860 2235 1059 2301 universitas
1082 2241 1193 2301 vestra
1215 2238 1304 2324 quod
1327 2260 1402 2304 cum
1417 2238 1500 2303 Wil-

282 2327 345 2428 ¹92}
330 2314 418 2364 ⁸¹⁸⁹*
450 2334 567 2400 lehnus
589 2335 623 2400 la
646 2334 767 2420 Wayte
798 2335 839 2400 de
863 2335 1134 2423 Ohippeham,et
1120 2339 1290 2406 tEditha
1312 2362 1397 2406 uxor
1419 2341 1499 2426 ejus,

282 2381 406 2496 liuerfodr
449 2436 610 2514 dedelint,
586 2437 862 2515 tconcesserint,
885 2443 920 2504 et
942 2445 1035 2504 carta
1065 2461 1126 2505 sua
1159 2441 1428 2507 confirmaverint
1450 2465 1499 2508 re-

281 2511 405 2627 linum
449 2538 574 2626 ligiosis
596 2538 678 2602 viris
700 2538 815 2604 abbati
837 2543 872 2603 et
905 2541 1084 2606 conventui
1119 2540 1159 2605 do
1192 2541 1428 2608 Malmesburia
1448 2543 1498 2608 vi-

449 2641 536 2728 ginti
557 2644 592 2706 et
614 2661 717 2706 unam
747 2661 855 2706 aeram
887 2645 921 2705 et
951 2641 1134 2720 dimidiam,
1157 2648 1191 2708 et
1213 2665 1314 2709 unam
1339 2645 1497 2730 perticam

449 2749 546 2808 tanae
569 2743 605 2807 in
628 2742 818 2829 Kyngtone,
841 2745 941 2828 prout
970 2743 1008 2806 in
1040 2749 1132 2810 carta
1162 2745 1393 2831 praedictorum
1416 2745 1499 2809 Wil-

448 2844 539 2911 lelmi
575 2849 609 2910 et
641 2843 773 2922 Edithee
805 2844 974 2930 praedictis
1007 2844 1121 2910 abbati
1156 2851 1190 2911 et
1223 2847 1402 2912 conventui
1424 2867 1498 2913 con-

447 2948 543 3023 lecta,
566 2945 695 3032 plenius
727 2947 925 3023 continetur,
949 2951 984 3011 et
1014 2946 1209 3031 praedictam
1230 2953 1354 3013 temam
1376 2949 1497 3013 eisdem

447 3049 607 3136 religiosis
645 3068 837 3125 concessam,
879 3069 938 3133 per
975 3052 1098 3114 cartam
1137 3069 1243 3114 meam
1277 3071 1337 3134 pro
1374 3071 1427 3114 me
1464 3057 1498 3115 et

446 3151 622 3215 heredibus
660 3155 695 3214 et
731 3149 908 3236 assignetis
947 3149 1029 3214 meis
1068 3149 1339 3228 confirmaverim,
1372 3150 1495 3216 haben·

446 3252 523 3316 dam
545 3258 580 3317 et
600 3253 778 3318 tenendam
801 3252 842 3316 de
862 3251 1005 3316 dominis
1027 3251 1108 3316 meis
1131 3251 1252 3317 abbate
1275 3257 1309 3317 et
1331 3257 1495 3318 conventu

447 3353 627 3420 Glastoniae
664 3354 701 3418 in
738 3373 856 3438 puram
893 3358 929 3417 et
965 3359 1160 3440 perpetuam
1197 3354 1419 3431 elemosinam,
1457 3375 1495 3420 ac

445 3458 546 3524 iidem
568 3456 755 3523 Willelmus
778 3461 812 3522 et
835 3455 960 3520 Editha
990 3455 1099 3542 regale
1134 3455 1310 3522 servicium
1332 3460 1494 3542 quantum

444 3562 589 3645 pertinet
610 3561 654 3627 ad
676 3564 809 3626 tantum
832 3563 954 3624 terram
976 3558 1060 3622 mihi
1083 3559 1208 3624 solvere
1231 3558 1495 3638 consuevissent;

444 3661 590 3748 obligavi
611 3683 664 3726 me
686 3667 721 3727 et
743 3661 879 3727 heredes
901 3681 991 3726 meos
1007 3667 1041 3726 et
1063 3661 1249 3748 assignatos
1271 3681 1330 3747 per
1352 3681 1494 3748 praesen·

443 3769 511 3830 tem
534 3769 658 3830 cartam
688 3785 797 3830 meam
826 3763 995 3849 praedictis
1027 3763 1170 3829 dominis
1200 3764 1283 3829 meis
1314 3763 1430 3829 abbati
1461 3768 1495 3828 et

441 3865 621 3932 conventui
636 3864 824 3943 Glastoniae,
841 3869 1000 3952 tanquam
1023 3863 1221 3952 capitalibus
1243 3864 1386 3930 dominis
1405 3863 1494 3930 feodi

443 3967 542 4048 illius,
564 3968 609 4034 ad
642 3967 836 4034 solvendum
868 3967 990 4034 eisdem
1025 3966 1221 4053 praedictum
1252 3966 1361 4054 regale
1393 3966 1493 4032 servi·

443 4071 538 4150 cium,
561 4071 695 4157 quando
717 4070 829 4147 currit,
852 4073 887 4134 et
908 4068 1071 4134 relevium
1094 4069 1231 4156 plenum
1254 4073 1325 4134 tam
1347 4068 1389 4134 de
1411 4090 1494 4156 prae-

443 4174 533 4240 dicta
554 4179 644 4238 terra
666 4193 766 4257 quam
790 4170 830 4236 de
859 4176 949 4236 terra
983 4191 1057 4236 mea
1090 4169 1233 4256 propria,
1256 4170 1389 4257 quando
1411 4171 1494 4236 acci-

442 4276 529 4343 derit
551 4297 610 4361 per
632 4275 800 4341 decessum
822 4295 933 4339 meum
955 4273 1019 4338 vel'
1033 4272 1193 4338 heredum
1216 4293 1373 4350 meorum,
1395 4276 1429 4337 et
1451 4272 1494 4337 ad

441 4377 629 4446 faciendum
652 4377 763 4442 omnia
793 4375 953 4442 secularia
981 4375 1131 4453 servicia,
1155 4380 1226 4442 tam
1248 4375 1373 4462 regalia
1394 4395 1494 4460 quam

441 4481 516 4560 alia,
541 4501 601 4567 pro
623 4478 791 4565 praediolis
806 4477 926 4544 abbate
949 4482 984 4542 et
1006 4482 1174 4542 conventu
1197 4477 1238 4542 de
1254 4475 1496 4554 Malmesburia,

273 4591 383 4646 ιηιιιι
441 4582 683 4649 nonobstante
706 4579 905 4645 alienatione
934 4577 1026 4644 iacta
1056 4577 1097 4643 de
1128 4583 1218 4643 terra
1240 4577 1406 4664 praedicta
1452 4577 1496 4642 In

441 4686 534 4772 cujus
557 4685 605 4750 rei
634 4682 862 4748 testimonium
891 4679 972 4745 huic
1001 4680 1125 4765 scripto
1156 4678 1315 4766 bipertito
1346 4678 1494 4767 sigillum

440 4811 550 4858 meum
572 4785 719 4876 apposui.
764 4783 914 4851 Hiistes
863 4782 1013 4861 testibus,
1037 4787 1099 4849 etc.
