3578 5808
560 887 758 944 arcrsreuu
782 885 1107 940 usnnnsaurusrss.
1294 869 1357 938 105

306 1082 387 1148 dicit
409 1082 497 1168 quod
520 1082 697 1168 praedictus
720 1081 889 1148 Gclfridus
912 1080 1012 1146 debet
1034 1081 1250 1150 warantizcre
1276 1101 1361 1166 pree-

306 1185 429 1251 dictam
453 1190 583 1262 terrem,
606 1206 645 1250 eo
680 1185 768 1270 quod
799 1184 978 1270 praedictus
1000 1182 1186 1249 Willelmus
1209 1183 1250 1249 (16
1273 1182 1361 1248 Can·

306 1287 381 1366 vile,
404 1292 499 1374 pater
520 1287 672 1374 praedicti
696 1287 849 1366 Galfridi‚
877 1287 971 1373 cujus
994 1286 1088 1352 heres
1111 1288 1181 1374 ipse
1204 1291 1263 1364 661,
1294 1285 1361 1351 feo-

305 1390 392 1456 favit
414 1391 579 1476 quendem
602 1391 789 1458 Johannem
820 1391 861 1458 de
884 1390 1093 1456 Tremenetee
1128 1390 1168 1455 (16
1202 1389 1361 1475 praedicta

306 1501 395 1562 terra
417 1495 560 1564 tenenda
582 1495 647 1581 ipsi
669 1494 817 1562 Johanni
855 1499 889 1560 61
920 1494 1096 1561 heredibus
1129 1497 1164 1559 61
1185 1493 1361 1580 assignetis

306 1599 375 1663 suis
409 1599 674 1684 imperpetuum:
713 1602 747 1664 et
781 1596 907 1684 profert
940 1597 1106 1682 quandam
1141 1599 1265 1664 cartem
1299 1596 1361 1660 sub

305 1701 438 1768 nomine
461 1701 613 1789 predicti
636 1697 804 1774 willelmi,
827 1721 901 1786 qure
923 1698 986 1768 hoc
1008 1699 1096 1766 idem
1119 1703 1269 1768 testetur.
1316 1699 1362 1764 Et

306 1804 407 1870 etiam
431 1805 518 1889 quod
541 1802 728 1869 Willelmus
744 1802 895 1880 etheree,
916 1802 975 1888 qui
1002 1802 1219 1870 warantizere
1254 1801 1360 1868 eidem

305 1906 452 1972 Johanni
476 1913 512 1974 et
532 1906 710 1974 heredibus
731 1911 766 1972 61
780 1905 956 1992 assignatis
974 1905 1052 1984 suis,
1067 1907 1206 1976 eandem
1229 1909 1360 1984 terrem,

306 2015 365 2076 etc.
412 2010 457 2076 Et
486 2009 567 2076 dicit
601 2011 689 2096 quod
721 2009 808 2076 idem
833 2008 1001 2077 Johannes
1033 2013 1147 2095 postea
1181 2009 1274 2076 dedit
1296 2008 1361 2094 ipsi

308 2111 483 2182 Oristianae
514 2112 652 2181 eandem
686 2117 807 2180 terram
840 2116 913 2181 tota
935 2112 1007 2181 vita
1037 2111 1143 2198 ipsius
1175 2109 1359 2180 Oristienae.

308 2213 352 2278 Et
374 2215 498 2301 profert
521 2215 688 2301 quandam
712 2219 838 2280 cartam
872 2212 935 2278 sub
966 2213 1099 2278 nomine
1133 2213 1281 2300 ejusdem
1303 2213 1361 2279 Jo-

305 2315 425 2382 hannia
448 2329 521 2404 qu'ee
543 2317 606 2384 hoc
628 2321 780 2394 testatur,
804 2321 839 2382 et
861 2316 942 2382 dicit
965 2316 1054 2403 quod
1076 2315 1254 2402 praedictus
1277 2315 1361 2381 Wil-

305 2419 423 2487 lelmus
446 2421 485 2488 de
510 2419 648 2490 Oanvile
671 2426 786 2505 postea
808 2419 976 2498 concessit,
999 2424 1034 2484 et
1056 2418 1273 2496 confirmavit,
1296 2393 1361 2505 ipei

308 2521 480 2590 Oristicnae
504 2524 716 2592 donationem
739 2529 773 2590 61
795 2522 1036 2590 concessionem
1059 2521 1207 2608 ejusdcm
1231 2521 1358 2591 Johan·

306 2627 359 2692 nis
388 2626 419 2692 ei
450 2625 582 2706 factam,
604 2627 646 2692 de
677 2632 767 2692 terra
796 2625 855 2692 illa
884 2625 1029 2694 tenenda
1059 2627 1132 2693 tota
1153 2624 1227 2698 vita
1256 2625 1360 2711 ipsius

308 2729 490 2798 Cristianae.
538 2729 583 2796 Et
616 2729 742 2816 profert
773 2727 940 2814 quandam
974 2731 1100 2796 cartam
1134 2727 1196 2796 sub
1227 2727 1360 2796 nomine

306 2833 453 2917 ejusdcm
475 2831 634 2898 Willelmi
657 2832 698 2896 (16
720 2829 968 2898 confirmatione
991 2851 1070 2915 quaa
1088 2829 1150 2900 hoc
1181 2831 1269 2896 idern
1295 2836 1360 2896 tes-

306 2941 405 3015 tatur¹
430 2941 488 3002 616.
537 2936 582 3002 Et
605 2935 705 3002 etiam
730 2935 817 3020 quod
840 2933 929 3001 idem
944 2932 1113 3000 Johannes
1129 2933 1169 2998 de
1193 2931 1359 3000 Tremine-

307 3045 356 3104 tes
378 3045 493 3126 postea
518 3037 657 3104 fcofavit
687 3039 793 3123 ipsam
827 3036 867 3102 de
901 3035 1060 3121 prsedicta
1093 3041 1182 3102 terra
1216 3036 1360 3102 tenenda

306 3142 369 3207 sibi
392 3147 426 3208 et
441 3141 616 3208 heredibus
632 3140 700 3206 suis
715 3140 970 3226 imperpetuum.
1019 3137 1063 3202 Et
1086 3137 1213 3223 profert
1235 3143 1358 3204 cartam

307 3245 452 3330 ejusdem
486 3243 649 3310 Johamns
688 3263 762 3328 quae
794 3244 946 3318 testetur,
973 3241 1061 3325 quod
1094 3241 1272 3326 praedictue
1302 3241 1359 3306 lo

307 3346 431 3414 hannes
454 3347 548 3412 dedit
569 3351 604 3412 61
625 3343 786 3412 concessit
817 3342 924 3408 eidem
957 3339 1132 3410 Oristianae
1166 3342 1359 3428 praedictam

306 3455 427 3516 terrem
450 3449 629 3516 tenendam
653 3447 718 3513 sibi
741 3451 775 3512 ct
796 3444 973 3512 heredibus
995 3443 1050 3512 vel
1084 3444 1260 3531 assignetis
1290 3446 1359 3511 6616

307 3553 557 3640 imperpetuum.
608 3550 704 3616 Unde
727 3547 920 3633 dicitquod
951 3569 991 3614 66
1012 3546 1141 3616 ratione
1163 3549 1252 3634 quod
1275 3569 1359 3636 prae·

307 3657 414 3724 dictus
436 3656 623 3723 Willelmus
657 3657 752 3741 pater
783 3650 934 3738 praedicti
967 3649 1116 3728 Gcffiidi,
1139 3651 1234 3737 cujus
1264 3652 1359 3718 heres

305 3764 375 3849 ipse
398 3769 457 3842 est,
480 3763 620 3829 leofavit
646 3759 841 3847 praedictum
868 3756 1059 3824 lohannem
1082 3758 1123 3822 de
1146 3755 1359 3836 Treminetee,

305 3865 346 3930 (16
384 3866 543 3952 proediota
585 3869 675 3930 terre
717 3862 861 3928 tenenda
904 3858 968 3925 eibi
1011 3863 1046 3926 ct
1089 3859 1266 3927 heredibus
1303 3861 1358 3926 vel

305 3968 481 4054 assignatis
515 3968 583 4033 suis
595 3991 603 4048 ;
642 3971 677 4032 61
708 3987 743 4031 66
775 3969 810 4030 61
842 3962 978 4028 heredes
1013 3983 1088 4030 6666
1120 3962 1282 4051 obligavit
1315 3964 1359 4030 ad

305 4075 588 4142 warentizandum
619 4073 777 4161 praedioto
801 4070 948 4136 Johanni
972 4074 1007 4135 et
1030 4069 1206 4135 heredibus
1229 4070 1283 4136 vel
1307 4091 1357 4136 ae·

305 4179 443 4265 signatis
466 4180 533 4244 suis
556 4177 748 4264 praedictem
771 4179 901 4240 terram.
948 4171 993 4238 Et
1015 4173 1088 4260 ipsa
1110 4172 1157 4240 eie
1191 4174 1359 4261 assignata

305 4280 452 4366 ejusdem
490 4281 662 4357 Johennis,
686 4282 787 4364 prout
819 4279 914 4362 patet
944 4296 1005 4362 per
1038 4275 1214 4361 praedictas
1249 4281 1357 4343 cartas

307 4383 457 4469 praedicti
491 4382 665 4460 lobannis,
697 4401 779 4466 quae
810 4377 935 4464 profert
969 4377 1010 4442 de
1042 4377 1220 4444 donatione
1254 4379 1358 4466 ipsius

308 4486 478 4564 lobannis,
511 4485 592 4551 dicit
627 4483 715 4570 quod
746 4480 925 4568 praedictus
960 4479 1129 4546 Gallridus
1161 4485 1294 4548 tenetur
1328 4481 1359 4546 ei

307 4591 498 4674 praedictam
521 4593 644 4653 terram
668 4584 893 4660 warentiam,
916 4588 976 4648 etc.

361 4693 405 4756 Et
442 4691 589 4758 Oristina
627 4687 767 4776 quaesitu
804 4691 918 4751 utrum
956 4683 1125 4778 vocaverit
1162 4685 1358 4772 praedicturn
