<?xml version="1.0" encoding="UTF-8"?>
<!DOCTYPE html PUBLIC "-//W3C//DTD XHTML 1.0 Transitional//EN"
    "http://www.w3.org/TR/xhtml1/DTD/xhtml1-transitional.dtd">
<html xmlns="http://www.w3.org/1999/xhtml" xml:lang="en" lang="en">
 <head>
  <title>
</title>
<meta http-equiv="Content-Type" content="text/html;charset=utf-8" />
  <meta name='ocr-system' content='tesseract 3.04.00' />
  <meta name='ocr-capabilities' content='ocr_page ocr_carea ocr_par ocr_line ocrx_word'/>
</head>
<body>
  <div class='ocr_page' id='page_1' title='image "./registrummalmes00martgoog_0090.png"; bbox 0 0 3514 5818; ppageno 0'>
   <div class='ocr_carea' id='block_1_1' title="bbox 415 904 1024 972">
    <p class='ocr_par' dir='ltr' id='par_1_1' title="bbox 415 904 1024 972">
     <span class='ocr_line' id='line_1_1' title="bbox 415 904 1024 972; baseline -0.002 -1"><span class='ocrx_word' id='word_1_1' title='bbox 415 904 535 972; x_wconf 81' lang='lat' dir='ltr'><strong>lxxxiv</strong></span> <span class='ocrx_word' id='word_1_2' title='bbox 862 919 1024 970; x_wconf 72' lang='lat' dir='ltr'><strong>Peneion.</strong></span> 
     </span>
    </p>
   </div>
   <div class='ocr_carea' id='block_1_2' title="bbox 455 1105 1475 1428">
    <p class='ocr_par' dir='ltr' id='par_1_2' title="bbox 455 1105 1475 1428">
     <span class='ocr_line' id='line_1_2' title="bbox 455 1105 1474 1180; baseline -0.002 -15"><span class='ocrx_word' id='word_1_3' title='bbox 455 1107 524 1180; x_wconf 73' lang='lat' dir='ltr'>cap.</span> <span class='ocrx_word' id='word_1_4' title='bbox 545 1107 694 1165; x_wconf 81' lang='lat' dir='ltr'>OOLIIII.</span> <span class='ocrx_word' id='word_1_5' title='bbox 726 1106 814 1164; x_wconf 77' lang='lat' dir='ltr'><strong>Carta</strong></span> <span class='ocrx_word' id='word_1_6' title='bbox 844 1105 987 1163; x_wconf 85' lang='lat' dir='ltr'><strong>Willelmi</strong></span> <span class='ocrx_word' id='word_1_7' title='bbox 1013 1105 1194 1163; x_wconf 78' lang='lat' dir='ltr'><strong>Geldemewe</strong></span> <span class='ocrx_word' id='word_1_8' title='bbox 1220 1105 1257 1162; x_wconf 90' lang='lat' dir='ltr'><strong>de</strong></span> <span class='ocrx_word' id='word_1_9' title='bbox 1287 1105 1474 1163; x_wconf 79' lang='lat' dir='ltr'><strong>Bremelhem</strong></span> 
     </span>
     <span class='ocr_line' id='line_1_3' title="bbox 575 1188 1475 1246; baseline 0 0"><span class='ocrx_word' id='word_1_10' title='bbox 575 1192 652 1246; x_wconf 76' lang='lat' dir='ltr'><strong>fecte</strong></span> <span class='ocrx_word' id='word_1_11' title='bbox 670 1189 824 1246; x_wconf 83' lang='lat' dir='ltr'><strong>Gonnildae</strong></span> <span class='ocrx_word' id='word_1_12' title='bbox 849 1189 931 1245; x_wconf 84' lang='lat' dir='ltr'><strong>Moes</strong></span> <span class='ocrx_word' id='word_1_13' title='bbox 959 1189 995 1244; x_wconf 88' lang='lat' dir='ltr'><strong>de</strong></span> <span class='ocrx_word' id='word_1_14' title='bbox 1021 1188 1232 1244; x_wconf 78' lang='lat' dir='ltr'><strong>Mslmesburin</strong></span> <span class='ocrx_word' id='word_1_15' title='bbox 1257 1189 1294 1244; x_wconf 91' lang='lat' dir='ltr'><strong>de</strong></span> <span class='ocrx_word' id='word_1_16' title='bbox 1320 1207 1381 1245; x_wconf 80' lang='lat' dir='ltr'><strong>unu</strong></span> <span class='ocrx_word' id='word_1_17' title='bbox 1407 1207 1475 1246; x_wconf 76' lang='lat' dir='ltr'><strong>uera</strong></span> 
     </span>
     <span class='ocr_line' id='line_1_4' title="bbox 574 1272 1474 1346; baseline -0.002 -16"><span class='ocrx_word' id='word_1_18' title='bbox 574 1281 661 1330; x_wconf 84' lang='lat' dir='ltr'><strong>terrae</strong></span> <span class='ocrx_word' id='word_1_19' title='bbox 681 1273 798 1330; x_wconf 80' lang='lat' dir='ltr'><strong>erabilis</strong></span> <span class='ocrx_word' id='word_1_20' title='bbox 808 1273 924 1346; x_wconf 76' lang='lat' dir='ltr'><strong>jacente</strong></span> <span class='ocrx_word' id='word_1_21' title='bbox 943 1272 974 1327; x_wconf 88' lang='lat' dir='ltr'><strong>in</strong></span> <span class='ocrx_word' id='word_1_22' title='bbox 995 1289 1098 1343; x_wconf 80' lang='lat' dir='ltr'><strong>eampo</strong></span> <span class='ocrx_word' id='word_1_23' title='bbox 1117 1273 1153 1327; x_wconf 86' lang='lat' dir='ltr'><strong>de</strong></span> <span class='ocrx_word' id='word_1_24' title='bbox 1167 1272 1378 1344; x_wconf 86' lang='lat' dir='ltr'><strong>Brokeuborgh</strong></span> <span class='ocrx_word' id='word_1_25' title='bbox 1396 1272 1474 1344; x_wconf 80' lang='lat' dir='ltr'><strong>opud</strong></span> 
     </span>
     <span class='ocr_line' id='line_1_5' title="bbox 575 1355 1474 1428; baseline -0.001 -15"><span class='ocrx_word' id='word_1_26' title='bbox 575 1359 759 1428; x_wconf 77' lang='lat' dir='ltr'><strong>Wydegrove</strong></span> <span class='ocrx_word' id='word_1_27' title='bbox 781 1357 813 1411; x_wconf 91' lang='lat' dir='ltr'><strong>in</strong></span> <span class='ocrx_word' id='word_1_28' title='bbox 835 1355 1014 1412; x_wconf 80' lang='lat' dir='ltr'>escambium</span> <span class='ocrx_word' id='word_1_29' title='bbox 1039 1374 1093 1426; x_wconf 85' lang='lat' dir='ltr'><strong>pro</strong></span> <span class='ocrx_word' id='word_1_30' title='bbox 1111 1373 1171 1412; x_wconf 81' lang='lat' dir='ltr'><strong>nne</strong></span> <span class='ocrx_word' id='word_1_31' title='bbox 1188 1372 1256 1410; x_wconf 79' lang='lat' dir='ltr'><strong>aera</strong></span> <span class='ocrx_word' id='word_1_32' title='bbox 1282 1361 1369 1410; x_wconf 83' lang='lat' dir='ltr'><strong>terrae</strong></span> <span class='ocrx_word' id='word_1_33' title='bbox 1396 1357 1474 1426; x_wconf 82' lang='lat' dir='ltr'><strong>apud</strong></span> 
     </span>
    </p>
   </div>
   <div class='ocr_carea' id='block_1_3' title="bbox 574 1440 1002 1512">
    <p class='ocr_par' dir='ltr' id='par_1_3' title="bbox 574 1440 1002 1512">
     <span class='ocr_line' id='line_1_6' title="bbox 574 1440 1002 1512; baseline 0 -18"><span class='ocrx_word' id='word_1_34' title='bbox 574 1441 769 1512; x_wconf 80' lang='lat' dir='ltr'><strong>Kyngborgh.</strong></span> <span class='ocrx_word' id='word_1_35' title='bbox 807 1441 825 1496; x_wconf 83' lang='lat'>5</span> <span class='ocrx_word' id='word_1_36' title='bbox 843 1441 922 1496; x_wconf 76' lang='lat' dir='ltr'><strong>Edu.</strong></span> <span class='ocrx_word' id='word_1_37' title='bbox 942 1440 1002 1495; x_wconf 89' lang='lat' dir='ltr'><strong>HI.</strong></span> 
     </span>
    </p>
   </div>
   <div class='ocr_carea' id='block_1_4' title="bbox 540 1545 1472 1702">
    <p class='ocr_par' dir='ltr' id='par_1_4' title="bbox 540 1545 1472 1702">
     <span class='ocr_line' id='line_1_7' title="bbox 540 1545 1472 1619; baseline -0.002 -15"><span class='ocrx_word' id='word_1_38' title='bbox 540 1551 572 1616; x_wconf 82' lang='lat' dir='ltr'><strong>(f.</strong></span> <span class='ocrx_word' id='word_1_39' title='bbox 592 1551 644 1604; x_wconf 83' lang='grc'><strong>235</strong></span> <span class='ocrx_word' id='word_1_40' title='bbox 662 1550 702 1615; x_wconf 92' lang='lat' dir='ltr'><strong>b.)</strong></span> <span class='ocrx_word' id='word_1_41' title='bbox 722 1549 814 1619; x_wconf 78' lang='lat' dir='ltr'><strong>Copia</strong></span> <span class='ocrx_word' id='word_1_42' title='bbox 832 1549 868 1603; x_wconf 87' lang='lat' dir='ltr'><strong>de</strong></span> <span class='ocrx_word' id='word_1_43' title='bbox 894 1553 1061 1604; x_wconf 73' lang='lat' dir='ltr'><strong>tenemento</strong></span> <span class='ocrx_word' id='word_1_44' title='bbox 1087 1547 1118 1600; x_wconf 91' lang='lat' dir='ltr'><strong>in</strong></span> <span class='ocrx_word' id='word_1_45' title='bbox 1138 1546 1300 1617; x_wconf 81' lang='lat' dir='ltr'><strong>Croshayes</strong></span> <span class='ocrx_word' id='word_1_46' title='bbox 1327 1549 1405 1603; x_wconf 79' lang='lat' dir='ltr'><strong>foeta</strong></span> <span class='ocrx_word' id='word_1_47' title='bbox 1422 1545 1472 1602; x_wconf 84' lang='lat' dir='ltr'><strong>Jo-</strong></span> 
     </span>
     <span class='ocr_line' id='line_1_8' title="bbox 575 1631 1238 1702; baseline 0 -16"><span class='ocrx_word' id='word_1_48' title='bbox 575 1632 665 1687; x_wconf 85' lang='lat' dir='ltr'><strong>hunni</strong></span> <span class='ocrx_word' id='word_1_49' title='bbox 684 1633 814 1701; x_wconf 78' lang='lat' dir='ltr'><strong>Hodges</strong></span> <span class='ocrx_word' id='word_1_50' title='bbox 853 1633 868 1687; x_wconf 93' lang='lat'>1</span> <span class='ocrx_word' id='word_1_51' title='bbox 889 1631 980 1702; x_wconf 79' lang='lat' dir='ltr'><strong>Sept,</strong></span> <span class='ocrx_word' id='word_1_52' title='bbox 1001 1633 1035 1688; x_wconf 87' lang='lat'><strong>30</strong></span> <span class='ocrx_word' id='word_1_53' title='bbox 1054 1631 1129 1686; x_wconf 86' lang='lat' dir='ltr'><strong>Hen.</strong></span> <span class='ocrx_word' id='word_1_54' title='bbox 1149 1631 1238 1688; x_wconf 88' lang='lat' dir='ltr'>VIII.</span> 
     </span>
    </p>
   </div>
   <div class='ocr_carea' id='block_1_5' title="bbox 541 1755 1472 1978">
    <p class='ocr_par' dir='ltr' id='par_1_5' title="bbox 541 1755 1472 1978">
     <span class='ocr_line' id='line_1_9' title="bbox 541 1755 1472 1824; baseline -0.005 -11"><span class='ocrx_word' id='word_1_55' title='bbox 541 1757 648 1814; x_wconf 81' lang='lat' dir='ltr'>CGLV.</span> <span class='ocrx_word' id='word_1_56' title='bbox 671 1757 759 1812; x_wconf 81' lang='lat' dir='ltr'><strong>Carta</strong></span> <span class='ocrx_word' id='word_1_57' title='bbox 775 1756 897 1812; x_wconf 77' lang='lat' dir='ltr'><strong>Thomae</strong></span> <span class='ocrx_word' id='word_1_58' title='bbox 916 1757 952 1811; x_wconf 86' lang='lat' dir='ltr'><strong>de</strong></span> <span class='ocrx_word' id='word_1_59' title='bbox 974 1756 1125 1824; x_wconf 83' lang='lat' dir='ltr'><strong>Purytone</strong></span> <span class='ocrx_word' id='word_1_60' title='bbox 1143 1755 1222 1811; x_wconf 79' lang='lat' dir='ltr'><strong>fectu</strong></span> <span class='ocrx_word' id='word_1_61' title='bbox 1240 1755 1303 1810; x_wconf 83' lang='lat' dir='ltr'><strong>Deo</strong></span> <span class='ocrx_word' id='word_1_62' title='bbox 1328 1761 1359 1810; x_wconf 90' lang='lat' dir='ltr'><strong>et</strong></span> <span class='ocrx_word' id='word_1_63' title='bbox 1386 1755 1472 1809; x_wconf 77' lang='lat' dir='ltr'><strong>altari</strong></span> 
     </span>
     <span class='ocr_line' id='line_1_10' title="bbox 574 1837 1471 1908; baseline -0.004 -12"><span class='ocrx_word' id='word_1_64' title='bbox 574 1843 671 1896; x_wconf 81' lang='lat' dir='ltr'><strong>Beetae</strong></span> <span class='ocrx_word' id='word_1_65' title='bbox 690 1839 793 1894; x_wconf 80' lang='lat' dir='ltr'><strong>Meriae</strong></span> <span class='ocrx_word' id='word_1_66' title='bbox 811 1839 848 1894; x_wconf 88' lang='lat' dir='ltr'><strong>do</strong></span> <span class='ocrx_word' id='word_1_67' title='bbox 874 1839 999 1908; x_wconf 76' lang='lat' dir='ltr'><strong>quodam</strong></span> <span class='ocrx_word' id='word_1_68' title='bbox 1028 1838 1147 1894; x_wconf 75' lang='lat' dir='ltr'><strong>annuali</strong></span> <span class='ocrx_word' id='word_1_69' title='bbox 1173 1838 1293 1893; x_wconf 80' lang='lat' dir='ltr'><strong>redditu</strong></span> <span class='ocrx_word' id='word_1_70' title='bbox 1318 1837 1471 1892; x_wconf 81' lang='lat' dir='ltr'><strong>duodecim</strong></span> 
     </span>
     <span class='ocr_line' id='line_1_11' title="bbox 572 1919 1455 1978; baseline -0.005 0"><span class='ocrx_word' id='word_1_71' title='bbox 572 1923 758 1978; x_wconf 79' lang='lat' dir='ltr'><strong>denariorum</strong></span> <span class='ocrx_word' id='word_1_72' title='bbox 777 1923 814 1978; x_wconf 82' lang='lat' dir='ltr'><strong>ud</strong></span> <span class='ocrx_word' id='word_1_73' title='bbox 833 1922 941 1976; x_wconf 84' lang='lat' dir='ltr'><strong>festum</strong></span> <span class='ocrx_word' id='word_1_74' title='bbox 959 1920 1207 1976; x_wconf 83' lang='lat' dir='ltr'><strong>Annuneietionis</strong></span> <span class='ocrx_word' id='word_1_75' title='bbox 1226 1922 1327 1976; x_wconf 73' lang='lat' dir='ltr'><strong>Beate</strong></span> <span class='ocrx_word' id='word_1_76' title='bbox 1345 1919 1455 1975; x_wconf 77' lang='lat' dir='ltr'><strong>Murius.</strong></span> 
     </span>
    </p>
   </div>
   <div class='ocr_carea' id='block_1_6' title="bbox 539 2043 1373 2118">
    <p class='ocr_par' dir='ltr' id='par_1_6' title="bbox 539 2043 1373 2118">
     <span class='ocr_line' id='line_1_12' title="bbox 539 2043 1373 2118; baseline -0.004 -16"><span class='ocrx_word' id='word_1_77' title='bbox 539 2047 666 2103; x_wconf 82' lang='lat' dir='ltr'>OOLVI.</span> <span class='ocrx_word' id='word_1_78' title='bbox 938 2045 943 2118; x_wconf 89' lang='grc' dir='ltr'>Ι</span> <span class='ocrx_word' id='word_1_79' title='bbox 1005 2045 1073 2116; x_wconf 82' lang='lat' dir='ltr'><strong>Cep.</strong></span> <span class='ocrx_word' id='word_1_80' title='bbox 1094 2043 1269 2110; x_wconf 53' lang='lat' dir='ltr'><strong>cccxliv„</strong></span> <span class='ocrx_word' id='word_1_81' title='bbox 1291 2045 1326 2100; x_wconf 83' lang='lat' dir='ltr'><strong>It.</strong></span> <span class='ocrx_word' id='word_1_82' title='bbox 1340 2043 1373 2100; x_wconf 93' lang='grc' dir='ltr'><strong>Ο.</strong></span> 
     </span>
    </p>
   </div>
   <div class='ocr_carea' id='block_1_7' title="bbox 539 2163 1471 2568">
    <p class='ocr_par' dir='ltr' id='par_1_7' title="bbox 539 2163 1471 2568">
     <span class='ocr_line' id='line_1_13' title="bbox 539 2163 1471 2240; baseline -0.004 -18"><span class='ocrx_word' id='word_1_83' title='bbox 539 2166 682 2224; x_wconf 75' lang='lat' dir='ltr'>GOLVH.</span> <span class='ocrx_word' id='word_1_84' title='bbox 703 2164 791 2221; x_wconf 73' lang='lat' dir='ltr'><strong>(tarta</strong></span> <span class='ocrx_word' id='word_1_85' title='bbox 810 2165 920 2237; x_wconf 87' lang='lat' dir='ltr'><strong>Rogeri</strong></span> <span class='ocrx_word' id='word_1_86' title='bbox 945 2167 981 2220; x_wconf 89' lang='lat' dir='ltr'><strong>de</strong></span> <span class='ocrx_word' id='word_1_87' title='bbox 1002 2165 1126 2220; x_wconf 84' lang='lat' dir='ltr'><strong>Suttone</strong></span> <span class='ocrx_word' id='word_1_88' title='bbox 1145 2163 1295 2240; x_wconf 36' lang='lat' dir='ltr'><strong>&#39;oapeilsni</strong></span> <span class='ocrx_word' id='word_1_89' title='bbox 1314 2164 1391 2219; x_wconf 77' lang='lat' dir='ltr'><strong>fecte</strong></span> <span class='ocrx_word' id='word_1_90' title='bbox 1408 2163 1471 2218; x_wconf 90' lang='lat' dir='ltr'><strong>Hu-</strong></span> 
     </span>
     <span class='ocr_line' id='line_1_14' title="bbox 573 2239 1470 2319; baseline -0.002 -15"><span class='ocrx_word' id='word_1_91' title='bbox 573 2250 643 2319; x_wconf 83' lang='lat' dir='ltr'><strong>goni</strong></span> <span class='ocrx_word' id='word_1_92' title='bbox 670 2239 710 2304; x_wconf 40' lang='lat' dir='ltr'><strong>de*</strong></span> <span class='ocrx_word' id='word_1_93' title='bbox 731 2247 908 2304; x_wconf 83' lang='lat' dir='ltr'><strong>Rodbourne</strong></span> <span class='ocrx_word' id='word_1_94' title='bbox 935 2248 1075 2313; x_wconf 83' lang='lat' dir='ltr'><strong>bereario,</strong></span> <span class='ocrx_word' id='word_1_95' title='bbox 1107 2247 1143 2302; x_wconf 91' lang='lat' dir='ltr'><strong>de</strong></span> <span class='ocrx_word' id='word_1_96' title='bbox 1170 2264 1228 2302; x_wconf 90' lang='lat' dir='ltr'><strong>nuo</strong></span> <span class='ocrx_word' id='word_1_97' title='bbox 1259 2247 1410 2319; x_wconf 77' lang='lat' dir='ltr'><strong>mesuagio</strong></span> <span class='ocrx_word' id='word_1_98' title='bbox 1438 2249 1470 2302; x_wconf 91' lang='lat' dir='ltr'><strong>in</strong></span> 
     </span>
     <span class='ocr_line' id='line_1_15' title="bbox 573 2329 1471 2401; baseline -0.001 -14"><span class='ocrx_word' id='word_1_99' title='bbox 573 2331 738 2387; x_wconf 82' lang='lat' dir='ltr'><strong>Nethewell</strong></span> <span class='ocrx_word' id='word_1_100' title='bbox 757 2347 824 2385; x_wconf 87' lang='lat' dir='ltr'><strong>eum</strong></span> <span class='ocrx_word' id='word_1_101' title='bbox 846 2330 1014 2401; x_wconf 84' lang='lat' dir='ltr'><strong>curtillogio</strong></span> <span class='ocrx_word' id='word_1_102' title='bbox 1040 2330 1190 2401; x_wconf 70' lang='lat' dir='ltr'><strong>adjacente</strong></span> <span class='ocrx_word' id='word_1_103' title='bbox 1205 2330 1293 2400; x_wconf 79' lang='lat' dir='ltr'><strong>juxte</strong></span> <span class='ocrx_word' id='word_1_104' title='bbox 1317 2329 1471 2399; x_wconf 79' lang='lat' dir='ltr'><strong>Hospitele</strong></span> 
     </span>
     <span class='ocr_line' id='line_1_16' title="bbox 575 2412 1468 2484; baseline -0.001 -15"><span class='ocrx_word' id='word_1_105' title='bbox 575 2414 675 2469; x_wconf 76' lang='lat' dir='ltr'><strong>Sancti</strong></span> <span class='ocrx_word' id='word_1_106' title='bbox 693 2413 847 2478; x_wconf 75' lang='lat' dir='ltr'><strong>Iohannis,</strong></span> <span class='ocrx_word' id='word_1_107' title='bbox 869 2415 1018 2470; x_wconf 85' lang='lat' dir='ltr'><strong>reddendo</strong></span> <span class='ocrx_word' id='word_1_108' title='bbox 1036 2415 1067 2470; x_wconf 88' lang='lat' dir='ltr'><strong>ii.</strong></span> <span class='ocrx_word' id='word_1_109' title='bbox 1082 2432 1104 2469; x_wconf 81' lang='lat' dir='ltr'><strong>e.</strong></span> <span class='ocrx_word' id='word_1_110' title='bbox 1124 2415 1243 2484; x_wconf 80' lang='lat' dir='ltr'><strong>eopellae</strong></span> <span class='ocrx_word' id='word_1_111' title='bbox 1263 2415 1296 2468; x_wconf 92' lang='lat' dir='ltr'><strong>B.</strong></span> <span class='ocrx_word' id='word_1_112' title='bbox 1316 2412 1418 2468; x_wconf 79' lang='lat' dir='ltr'><strong>Meriae</strong></span> <span class='ocrx_word' id='word_1_113' title='bbox 1438 2414 1468 2468; x_wconf 91' lang='lat' dir='ltr'><strong>in</strong></span> 
     </span>
     <span class='ocr_line' id='line_1_17' title="bbox 573 2497 1112 2568; baseline 0 -16"><span class='ocrx_word' id='word_1_114' title='bbox 573 2497 689 2552; x_wconf 78' lang='lat' dir='ltr'><strong>abbatie</strong></span> <span class='ocrx_word' id='word_1_115' title='bbox 707 2515 759 2568; x_wconf 87' lang='lat' dir='ltr'><strong>per</strong></span> <span class='ocrx_word' id='word_1_116' title='bbox 777 2515 894 2552; x_wconf 73' lang='lat' dir='ltr'><strong>annum.</strong></span> <span class='ocrx_word' id='word_1_117' title='bbox 933 2497 968 2552; x_wconf 84' lang='lat'><strong>35</strong></span> <span class='ocrx_word' id='word_1_118' title='bbox 987 2497 1067 2554; x_wconf 84' lang='lat' dir='ltr'><strong>Edw.</strong></span> <span class='ocrx_word' id='word_1_119' title='bbox 1088 2499 1112 2552; x_wconf 91' lang='grc' dir='ltr'><strong>Ι.</strong></span> 
     </span>
    </p>
   </div>
   <div class='ocr_carea' id='block_1_8' title="bbox 540 2617 1472 3023">
    <p class='ocr_par' dir='ltr' id='par_1_8' title="bbox 540 2617 1472 3023">
     <span class='ocr_line' id='line_1_18' title="bbox 540 2617 1472 2676; baseline -0.001 -3"><span class='ocrx_word' id='word_1_120' title='bbox 540 2617 702 2673; x_wconf 82' lang='lat' dir='ltr'>CCLVIII.</span> <span class='ocrx_word' id='word_1_121' title='bbox 733 2619 822 2675; x_wconf 78' lang='lat' dir='ltr'><strong>Certa</strong></span> <span class='ocrx_word' id='word_1_122' title='bbox 845 2618 988 2676; x_wconf 83' lang='lat' dir='ltr'><strong>Willelmi</strong></span> <span class='ocrx_word' id='word_1_123' title='bbox 1013 2618 1125 2674; x_wconf 82' lang='lat' dir='ltr'><strong>abbatis</strong></span> <span class='ocrx_word' id='word_1_124' title='bbox 1151 2622 1182 2673; x_wconf 86' lang='lat' dir='ltr'><strong>et</strong></span> <span class='ocrx_word' id='word_1_125' title='bbox 1209 2620 1370 2673; x_wconf 82' lang='lat' dir='ltr'><strong>conventus</strong></span> <span class='ocrx_word' id='word_1_126' title='bbox 1395 2617 1472 2672; x_wconf 77' lang='lat' dir='ltr'><strong>fucta</strong></span> 
     </span>
     <span class='ocr_line' id='line_1_19' title="bbox 573 2699 1470 2772; baseline -0.001 -18"><span class='ocrx_word' id='word_1_127' title='bbox 573 2700 701 2756; x_wconf 80' lang='lat' dir='ltr'><strong>Johuimi</strong></span> <span class='ocrx_word' id='word_1_128' title='bbox 737 2702 858 2772; x_wconf 84' lang='lat' dir='ltr'><strong>Selkyld</strong></span> <span class='ocrx_word' id='word_1_129' title='bbox 889 2708 920 2757; x_wconf 91' lang='lat' dir='ltr'><strong>et</strong></span> <span class='ocrx_word' id='word_1_130' title='bbox 950 2701 1084 2756; x_wconf 83' lang='lat' dir='ltr'><strong>Isabellae</strong></span> <span class='ocrx_word' id='word_1_131' title='bbox 1121 2699 1205 2754; x_wconf 84' lang='lat' dir='ltr'><strong>uxori</strong></span> <span class='ocrx_word' id='word_1_132' title='bbox 1244 2699 1308 2768; x_wconf 82' lang='lat' dir='ltr'><strong>ejus</strong></span> <span class='ocrx_word' id='word_1_133' title='bbox 1341 2699 1377 2754; x_wconf 90' lang='lat' dir='ltr'><strong>de</strong></span> <span class='ocrx_word' id='word_1_134' title='bbox 1411 2717 1470 2753; x_wconf 92' lang='lat' dir='ltr'><strong>uno</strong></span> 
     </span>
     <span class='ocr_line' id='line_1_20' title="bbox 573 2782 1470 2856; baseline -0.001 -17"><span class='ocrx_word' id='word_1_135' title='bbox 573 2790 739 2840; x_wconf 70' lang='lat' dir='ltr'><strong>tenemento</strong></span> <span class='ocrx_word' id='word_1_136' title='bbox 760 2785 791 2839; x_wconf 91' lang='lat' dir='ltr'><strong>in</strong></span> <span class='ocrx_word' id='word_1_137' title='bbox 813 2786 923 2856; x_wconf 77' lang='lat' dir='ltr'><strong>Magne</strong></span> <span class='ocrx_word' id='word_1_138' title='bbox 951 2785 1051 2840; x_wconf 78' lang='lat' dir='ltr'><strong>Strata</strong></span> <span class='ocrx_word' id='word_1_139' title='bbox 1077 2783 1156 2838; x_wconf 75' lang='lat' dir='ltr'><strong>vill·</strong></span> <span class='ocrx_word' id='word_1_140' title='bbox 1175 2783 1308 2838; x_wconf 81' lang='lat' dir='ltr'><strong>Malmes.</strong></span> <span class='ocrx_word' id='word_1_141' title='bbox 1337 2782 1367 2836; x_wconf 92' lang='lat' dir='ltr'><strong>in</strong></span> <span class='ocrx_word' id='word_1_142' title='bbox 1393 2783 1470 2852; x_wconf 75' lang='lat' dir='ltr'><strong>Byn·</strong></span> 
     </span>
     <span class='ocr_line' id='line_1_21' title="bbox 572 2865 1469 2938; baseline -0.003 -17"><span class='ocrx_word' id='word_1_143' title='bbox 572 2873 647 2938; x_wconf 85' lang='lat' dir='ltr'><strong>port,</strong></span> <span class='ocrx_word' id='word_1_144' title='bbox 667 2868 832 2938; x_wconf 77' lang='lat' dir='ltr'><strong>pertinente</strong></span> <span class='ocrx_word' id='word_1_145' title='bbox 854 2869 983 2924; x_wconf 80' lang='lat' dir='ltr'><strong>seeristae</strong></span> <span class='ocrx_word' id='word_1_146' title='bbox 1003 2867 1075 2922; x_wconf 86' lang='lat' dir='ltr'><strong>dieti</strong></span> <span class='ocrx_word' id='word_1_147' title='bbox 1093 2866 1265 2932; x_wconf 80' lang='lat' dir='ltr'><strong>monasterii</strong></span> <span class='ocrx_word' id='word_1_148' title='bbox 1284 2865 1469 2930; x_wconf 73' lang='lat' dir='ltr'><strong>hereditario,</strong></span> 
     </span>
     <span class='ocr_line' id='line_1_22' title="bbox 572 2949 1279 3023; baseline -0.001 -19"><span class='ocrx_word' id='word_1_149' title='bbox 572 2951 754 3021; x_wconf 88' lang='lat' dir='ltr'><strong>quodmodo</strong></span> <span class='ocrx_word' id='word_1_150' title='bbox 772 2951 948 3023; x_wconf 81' lang='lat' dir='ltr'><strong>perquisivit</strong></span> <span class='ocrx_word' id='word_1_151' title='bbox 966 2951 1115 3007; x_wconf 77' lang='lat' dir='ltr'><strong>Iohannes</strong></span> <span class='ocrx_word' id='word_1_152' title='bbox 1135 2949 1279 3006; x_wconf 83' lang='lat' dir='ltr'><strong>Stowelle.</strong></span> 
     </span>
    </p>
   </div>
   <div class='ocr_carea' id='block_1_9' title="bbox 537 3030 1429 3222">
    <p class='ocr_par' dir='ltr' id='par_1_9' title="bbox 537 3030 1429 3222">
     <span class='ocr_line' id='line_1_23' title="bbox 538 3030 1429 3143; baseline -0.001 -16"><span class='ocrx_word' id='word_1_153' title='bbox 538 3071 665 3128; x_wconf 74' lang='lat' dir='ltr'><strong>oontx.</strong></span> <span class='ocrx_word' id='word_1_154' title='bbox 1001 3071 1070 3143; x_wconf 64' lang='lat' dir='ltr'><strong>esp.</strong></span> <span class='ocrx_word' id='word_1_155' title='bbox 1091 3069 1269 3136; x_wconf 60' lang='lat' dir='ltr'><strong>nenne.</strong></span> <span class='ocrx_word' id='word_1_156' title='bbox 1290 3069 1323 3126; x_wconf 94' lang='lat' dir='ltr'><strong>o.</strong></span> <span class='ocrx_word' id='word_1_157' title='bbox 1425 3030 1429 3038; x_wconf 73' lang='grc'><strong>’</strong></span> 
     </span>
     <span class='ocr_line' id='line_1_24' title="bbox 537 3153 1336 3222; baseline 0 -12"><span class='ocrx_word' id='word_1_158' title='bbox 537 3155 648 3211; x_wconf 82' lang='lat' dir='ltr'><strong>oonx.</strong></span> <span class='ocrx_word' id='word_1_159' title='bbox 718 3212 723 3222; x_wconf 82' lang='grc'><strong>,</strong></span> <span class='ocrx_word' id='word_1_160' title='bbox 1089 3153 1336 3220; x_wconf 82' lang='lat' dir='ltr'><strong>onxvn.‚n.0.</strong></span> 
     </span>
    </p>
   </div>
   <div class='ocr_carea' id='block_1_10' title="bbox 494 3274 1470 3596">
    <p class='ocr_par' dir='ltr' id='par_1_10' title="bbox 538 3274 1467 3346">
     <span class='ocr_line' id='line_1_25' title="bbox 538 3274 1467 3346; baseline -0.001 -15"><span class='ocrx_word' id='word_1_161' title='bbox 538 3275 665 3331; x_wconf 81' lang='lat' dir='ltr'>CCLXI.</span> <span class='ocrx_word' id='word_1_162' title='bbox 693 3274 780 3331; x_wconf 80' lang='lat' dir='ltr'><strong>Certe</strong></span> <span class='ocrx_word' id='word_1_163' title='bbox 804 3275 946 3333; x_wconf 89' lang='lat' dir='ltr'><strong>Willelmi</strong></span> <span class='ocrx_word' id='word_1_164' title='bbox 971 3275 1052 3346; x_wconf 83' lang='lat' dir='ltr'><strong>any</strong></span> <span class='ocrx_word' id='word_1_165' title='bbox 1076 3275 1132 3329; x_wconf 88' lang='lat' dir='ltr'><strong>filii</strong></span> <span class='ocrx_word' id='word_1_166' title='bbox 1156 3275 1299 3330; x_wconf 86' lang='lat' dir='ltr'><strong>Willelmi</strong></span> <span class='ocrx_word' id='word_1_167' title='bbox 1327 3274 1407 3344; x_wconf 76' lang='lat' dir='ltr'><strong>Pevy</strong></span> <span class='ocrx_word' id='word_1_168' title='bbox 1432 3275 1467 3330; x_wconf 87' lang='lat' dir='ltr'><strong>de</strong></span> 
     </span>
    </p>

    <p class='ocr_par' dir='ltr' id='par_1_11' title="bbox 494 3358 1470 3430">
     <span class='ocr_line' id='line_1_26' title="bbox 494 3358 1470 3430; baseline 0.003 -19"><span class='ocrx_word' id='word_1_169' title='bbox 494 3363 498 3370; x_wconf 91' lang='lat'>&#39;</span> <span class='ocrx_word' id='word_1_170' title='bbox 573 3376 631 3412; x_wconf 90' lang='lat' dir='ltr'><strong>nno</strong></span> <span class='ocrx_word' id='word_1_171' title='bbox 655 3359 806 3429; x_wconf 80' lang='lat' dir='ltr'><strong>mesuagio</strong></span> <span class='ocrx_word' id='word_1_172' title='bbox 831 3360 863 3413; x_wconf 91' lang='lat' dir='ltr'><strong>in</strong></span> <span class='ocrx_word' id='word_1_173' title='bbox 893 3360 1003 3430; x_wconf 81' lang='lat' dir='ltr'><strong>Magna</strong></span> <span class='ocrx_word' id='word_1_174' title='bbox 1026 3359 1126 3414; x_wconf 78' lang='lat' dir='ltr'><strong>Strato</strong></span> <span class='ocrx_word' id='word_1_175' title='bbox 1154 3358 1233 3413; x_wconf 76' lang='lat' dir='ltr'><strong>villae</strong></span> <span class='ocrx_word' id='word_1_176' title='bbox 1263 3358 1365 3414; x_wconf 79' lang='lat' dir='ltr'><strong>Mslm,</strong></span> <span class='ocrx_word' id='word_1_177' title='bbox 1392 3359 1470 3414; x_wconf 78' lang='lat' dir='ltr'><strong>facte</strong></span> 
     </span>
    </p>

    <p class='ocr_par' dir='ltr' id='par_1_12' title="bbox 570 3441 1467 3596">
     <span class='ocr_line' id='line_1_27' title="bbox 571 3441 1467 3498; baseline 0.002 -3"><span class='ocrx_word' id='word_1_178' title='bbox 571 3441 718 3497; x_wconf 88' lang='lat' dir='ltr'><strong>Willelmo</strong></span> <span class='ocrx_word' id='word_1_179' title='bbox 737 3443 835 3498; x_wconf 81' lang='lat' dir='ltr'><strong>abbati</strong></span> <span class='ocrx_word' id='word_1_180' title='bbox 861 3448 892 3498; x_wconf 92' lang='lat' dir='ltr'><strong>et</strong></span> <span class='ocrx_word' id='word_1_181' title='bbox 917 3448 1074 3497; x_wconf 78' lang='lat' dir='ltr'><strong>conventui</strong></span> <span class='ocrx_word' id='word_1_182' title='bbox 1099 3448 1130 3497; x_wconf 88' lang='lat' dir='ltr'><strong>et</strong></span> <span class='ocrx_word' id='word_1_183' title='bbox 1155 3442 1284 3496; x_wconf 68' lang='lat' dir='ltr'><strong>sacristae</strong></span> <span class='ocrx_word' id='word_1_184' title='bbox 1310 3441 1383 3497; x_wconf 89' lang='lat' dir='ltr'><strong>dieti</strong></span> <span class='ocrx_word' id='word_1_185' title='bbox 1407 3459 1467 3497; x_wconf 90' lang='lat' dir='ltr'><strong>mo-</strong></span> 
     </span>
     <span class='ocr_line' id='line_1_28' title="bbox 570 3523 1344 3596; baseline 0.005 -20"><span class='ocrx_word' id='word_1_186' title='bbox 570 3523 692 3577; x_wconf 83' lang='lat' dir='ltr'><strong>nosterii</strong></span> <span class='ocrx_word' id='word_1_187' title='bbox 710 3530 740 3580; x_wconf 91' lang='lat' dir='ltr'><strong>et</strong></span> <span class='ocrx_word' id='word_1_188' title='bbox 757 3525 873 3581; x_wconf 85' lang='lat' dir='ltr'><strong>custodi</strong></span> <span class='ocrx_word' id='word_1_189' title='bbox 892 3525 1010 3596; x_wconf 77' lang='lat' dir='ltr'><strong>capellus</strong></span> <span class='ocrx_word' id='word_1_190' title='bbox 1029 3527 1063 3579; x_wconf 92' lang='lat' dir='ltr'><strong>B.</strong></span> <span class='ocrx_word' id='word_1_191' title='bbox 1082 3524 1185 3579; x_wconf 76' lang='lat' dir='ltr'><strong>Murius</strong></span> <span class='ocrx_word' id='word_1_192' title='bbox 1203 3523 1344 3595; x_wconf 85' lang='lat' dir='ltr'><strong>ejusdem.</strong></span> 
     </span>
    </p>
   </div>
   <div class='ocr_carea' id='block_1_11' title="bbox 536 3645 1468 3800">
    <p class='ocr_par' dir='ltr' id='par_1_13' title="bbox 536 3645 1468 3800">
     <span class='ocr_line' id='line_1_29' title="bbox 536 3645 1468 3704; baseline 0.002 -4"><span class='ocrx_word' id='word_1_193' title='bbox 536 3645 682 3702; x_wconf 82' lang='lat' dir='ltr'>OOLXII.</span> <span class='ocrx_word' id='word_1_194' title='bbox 704 3647 791 3703; x_wconf 76' lang='lat' dir='ltr'><strong>Certe</strong></span> <span class='ocrx_word' id='word_1_195' title='bbox 808 3646 952 3704; x_wconf 87' lang='lat' dir='ltr'><strong>Willelmi</strong></span> <span class='ocrx_word' id='word_1_196' title='bbox 972 3647 1068 3701; x_wconf 81' lang='lat' dir='ltr'><strong>Ednet</strong></span> <span class='ocrx_word' id='word_1_197' title='bbox 1086 3646 1123 3702; x_wconf 85' lang='lat' dir='ltr'><strong>de</strong></span> <span class='ocrx_word' id='word_1_198' title='bbox 1149 3645 1261 3701; x_wconf 83' lang='lat' dir='ltr'><strong>duabus</strong></span> <span class='ocrx_word' id='word_1_199' title='bbox 1280 3645 1355 3702; x_wconf 82' lang='lat' dir='ltr'><strong>noris</strong></span> <span class='ocrx_word' id='word_1_200' title='bbox 1382 3653 1468 3703; x_wconf 77' lang='lat' dir='ltr'><strong>terrae</strong></span> 
     </span>
     <span class='ocr_line' id='line_1_30' title="bbox 570 3729 986 3800; baseline 0.005 -18"><span class='ocrx_word' id='word_1_201' title='bbox 570 3729 602 3782; x_wconf 92' lang='lat' dir='ltr'><strong>in</strong></span> <span class='ocrx_word' id='word_1_202' title='bbox 620 3729 729 3800; x_wconf 83' lang='lat' dir='ltr'><strong>campis</strong></span> <span class='ocrx_word' id='word_1_203' title='bbox 748 3730 784 3784; x_wconf 89' lang='lat' dir='ltr'><strong>de</strong></span> <span class='ocrx_word' id='word_1_204' title='bbox 802 3729 986 3784; x_wconf 85' lang='lat' dir='ltr'><strong>Mulbourne.</strong></span> 
     </span>
    </p>
   </div>
   <div class='ocr_carea' id='block_1_12' title="bbox 536 3833 1468 4070">
    <p class='ocr_par' dir='ltr' id='par_1_14' title="bbox 536 3833 1468 4070">
     <span class='ocr_line' id='line_1_31' title="bbox 536 3833 1467 3906; baseline 0 -17"><span class='ocrx_word' id='word_1_205' title='bbox 536 3833 700 3890; x_wconf 82' lang='lat' dir='ltr'>COLXIII.</span> <span class='ocrx_word' id='word_1_206' title='bbox 719 3835 764 3889; x_wconf 77' lang='grc' dir='ltr'><strong>Αι1</strong></span> <span class='ocrx_word' id='word_1_207' title='bbox 784 3834 855 3906; x_wconf 76' lang='lat' dir='ltr'><strong>quod</strong></span> <span class='ocrx_word' id='word_1_208' title='bbox 878 3833 1031 3904; x_wconf 73' lang='lat' dir='ltr'><strong>dannpnunt</strong></span> <span class='ocrx_word' id='word_1_209' title='bbox 1061 3850 1114 3904; x_wconf 91' lang='lat' dir='ltr'><strong>pro</strong></span> <span class='ocrx_word' id='word_1_210' title='bbox 1146 3839 1313 3890; x_wconf 87' lang='lat' dir='ltr'><strong>tenemento</strong></span> <span class='ocrx_word' id='word_1_211' title='bbox 1344 3833 1467 3890; x_wconf 78' lang='lat' dir='ltr'><strong>Walteri</strong></span> 
     </span>
     <span class='ocr_line' id='line_1_32' title="bbox 572 3915 1468 3988; baseline 0.003 -16"><span class='ocrx_word' id='word_1_212' title='bbox 572 3917 693 3974; x_wconf 81' lang='lat' dir='ltr'><strong>Soutere</strong></span> <span class='ocrx_word' id='word_1_213' title='bbox 712 3924 742 3973; x_wconf 87' lang='lat' dir='ltr'><strong>et</strong></span> <span class='ocrx_word' id='word_1_214' title='bbox 760 3936 813 3988; x_wconf 88' lang='lat' dir='ltr'><strong>pro</strong></span> <span class='ocrx_word' id='word_1_215' title='bbox 834 3923 1001 3972; x_wconf 89' lang='lat' dir='ltr'><strong>tenemento</strong></span> <span class='ocrx_word' id='word_1_216' title='bbox 1021 3915 1163 3972; x_wconf 79' lang='lat' dir='ltr'><strong>Guillardi</strong></span> <span class='ocrx_word' id='word_1_217' title='bbox 1181 3919 1255 3973; x_wconf 87' lang='lat' dir='ltr'><strong>Poet</strong></span> <span class='ocrx_word' id='word_1_218' title='bbox 1280 3919 1316 3974; x_wconf 90' lang='lat' dir='ltr'><strong>de</strong></span> <span class='ocrx_word' id='word_1_219' title='bbox 1335 3919 1468 3976; x_wconf 88' lang='lat' dir='ltr'><strong>Londou’</strong></span> 
     </span>
     <span class='ocr_line' id='line_1_33' title="bbox 570 3999 1465 4070; baseline 0.002 -17"><span class='ocrx_word' id='word_1_220' title='bbox 570 4001 600 4053; x_wconf 94' lang='lat' dir='ltr'><strong>iu</strong></span> <span class='ocrx_word' id='word_1_221' title='bbox 627 4000 763 4070; x_wconf 80' lang='lat' dir='ltr'><strong>parochie</strong></span> <span class='ocrx_word' id='word_1_222' title='bbox 791 3999 891 4056; x_wconf 80' lang='lat' dir='ltr'><strong>Sancti</strong></span> <span class='ocrx_word' id='word_1_223' title='bbox 917 4000 1044 4055; x_wconf 80' lang='lat' dir='ltr'><strong>Andreoe</strong></span> <span class='ocrx_word' id='word_1_224' title='bbox 1066 4000 1098 4054; x_wconf 87' lang='lat' dir='ltr'><strong>in</strong></span> <span class='ocrx_word' id='word_1_225' title='bbox 1125 4001 1305 4057; x_wconf 81' lang='lat' dir='ltr'><strong>Holbourue.</strong></span> <span class='ocrx_word' id='word_1_226' title='bbox 1349 4001 1465 4067; x_wconf 69' lang='lat' dir='ltr'><strong>unet„</strong></span> 
     </span>
    </p>
   </div>
   <div class='ocr_carea' id='block_1_13' title="bbox 571 4084 750 4138">
    <p class='ocr_par' dir='ltr' id='par_1_15' title="bbox 571 4084 750 4138">
     <span class='ocr_line' id='line_1_34' title="bbox 571 4084 750 4138; baseline 0 0"><span class='ocrx_word' id='word_1_227' title='bbox 571 4084 605 4138; x_wconf 89' lang='grc'><strong>10</strong></span> <span class='ocrx_word' id='word_1_228' title='bbox 624 4084 687 4138; x_wconf 88' lang='lat' dir='ltr'><strong>Rie.</strong></span> <span class='ocrx_word' id='word_1_229' title='bbox 708 4084 750 4138; x_wconf 92' lang='lat' dir='ltr'><strong>II.</strong></span> 
     </span>
    </p>
   </div>
   <div class='ocr_carea' id='block_1_14' title="bbox 536 4192 1465 4343">
    <p class='ocr_par' dir='ltr' id='par_1_16' title="bbox 536 4192 1465 4343">
     <span class='ocr_line' id='line_1_35' title="bbox 536 4192 1465 4268; baseline 0.001 -20"><span class='ocrx_word' id='word_1_230' title='bbox 536 4192 716 4249; x_wconf 82' lang='lat' dir='ltr'>CCLXIIII.</span> <span class='ocrx_word' id='word_1_231' title='bbox 736 4192 917 4264; x_wconf 71' lang='lat' dir='ltr'><strong>supersedeas</strong></span> <span class='ocrx_word' id='word_1_232' title='bbox 934 4211 987 4265; x_wconf 88' lang='lat' dir='ltr'><strong>pro</strong></span> <span class='ocrx_word' id='word_1_233' title='bbox 1006 4194 1148 4265; x_wconf 64' lang='lat' dir='ltr'><strong>praedicto</strong></span> <span class='ocrx_word' id='word_1_234' title='bbox 1166 4193 1204 4250; x_wconf 78' lang='lat' dir='ltr'><strong>oct</strong></span> <span class='ocrx_word' id='word_1_235' title='bbox 1223 4195 1465 4268; x_wconf 75' lang='lat' dir='ltr'><strong>qnod&#39;dnmpnum.</strong></span> 
     </span>
     <span class='ocr_line' id='line_1_36' title="bbox 571 4277 902 4343; baseline 0.003 -14"><span class='ocrx_word' id='word_1_236' title='bbox 571 4277 605 4332; x_wconf 90' lang='grc'><strong>20</strong></span> <span class='ocrx_word' id='word_1_237' title='bbox 625 4277 703 4343; x_wconf 77' lang='lat' dir='ltr'><strong>Fen,</strong></span> <span class='ocrx_word' id='word_1_238' title='bbox 725 4279 759 4334; x_wconf 88' lang='grc'><strong>10</strong></span> <span class='ocrx_word' id='word_1_239' title='bbox 777 4278 840 4332; x_wconf 78' lang='lat' dir='ltr'><strong>Rio.</strong></span> <span class='ocrx_word' id='word_1_240' title='bbox 860 4278 902 4332; x_wconf 91' lang='grc' dir='ltr'><strong>Π.</strong></span> 
     </span>
    </p>
   </div>
   <div class='ocr_carea' id='block_1_15' title="bbox 537 4371 1572 4536">
    <p class='ocr_par' dir='ltr' id='par_1_17' title="bbox 537 4371 1572 4536">
     <span class='ocr_line' id='line_1_37' title="bbox 537 4371 1572 4455; baseline 0.007 -20"><span class='ocrx_word' id='word_1_241' title='bbox 537 4381 676 4437; x_wconf 80' lang='lat' dir='ltr'><strong>COLXV.</strong></span> <span class='ocrx_word' id='word_1_242' title='bbox 696 4383 853 4454; x_wconf 87' lang='lat' dir='ltr'><strong>Inquisitio</strong></span> <span class='ocrx_word' id='word_1_243' title='bbox 875 4389 961 4455; x_wconf 84' lang='lat' dir='ltr'><strong>copto</strong></span> <span class='ocrx_word' id='word_1_244' title='bbox 986 4401 1083 4439; x_wconf 82' lang='lat' dir='ltr'><strong>eoram</strong></span> <span class='ocrx_word' id='word_1_245' title='bbox 1102 4383 1247 4440; x_wconf 78' lang='lat' dir='ltr'><strong>Nieholso</strong></span> <span class='ocrx_word' id='word_1_246' title='bbox 1274 4385 1371 4440; x_wconf 81' lang='lat' dir='ltr'><strong>Exton</strong></span> <span class='ocrx_word' id='word_1_247' title='bbox 1399 4392 1470 4441; x_wconf 87' lang='lat' dir='ltr'><strong>tuno</strong></span> <span class='ocrx_word' id='word_1_248' title='bbox 1538 4371 1572 4448; x_wconf 58' lang='grc' dir='ltr'><strong>ἒ,</strong></span> 
     </span>
     <span class='ocr_line' id='line_1_38' title="bbox 570 4464 1467 4536; baseline 0.008 -19"><span class='ocrx_word' id='word_1_249' title='bbox 570 4464 680 4535; x_wconf 82' lang='lat' dir='ltr'><strong>Majore</strong></span> <span class='ocrx_word' id='word_1_250' title='bbox 699 4465 828 4522; x_wconf 83' lang='lat' dir='ltr'><strong>Loudon’</strong></span> <span class='ocrx_word' id='word_1_251' title='bbox 847 4483 900 4536; x_wconf 85' lang='lat' dir='ltr'><strong>pro</strong></span> <span class='ocrx_word' id='word_1_252' title='bbox 925 4467 1027 4522; x_wconf 88' lang='lat' dir='ltr'><strong>eodem</strong></span> <span class='ocrx_word' id='word_1_253' title='bbox 1047 4475 1215 4525; x_wconf 86' lang='lat' dir='ltr'><strong>tenemento</strong></span> <span class='ocrx_word' id='word_1_254' title='bbox 1234 4467 1367 4524; x_wconf 81' lang='lat' dir='ltr'><strong>Goilurdi</strong></span> <span class='ocrx_word' id='word_1_255' title='bbox 1396 4471 1467 4524; x_wconf 83' lang='lat' dir='ltr'><strong>Pete</strong></span> 
     </span>
    </p>
   </div>
   <div class='ocr_carea' id='block_1_16' title="bbox 479 4549 1468 4687">
    <p class='ocr_par' dir='ltr' id='par_1_18' title="bbox 479 4549 1468 4687">
     <span class='ocr_line' id='line_1_39' title="bbox 569 4549 1468 4686; baseline 0.009 -85"><span class='ocrx_word' id='word_1_256' title='bbox 569 4552 603 4685; x_wconf 51' lang='lat' dir='ltr'><strong>{t</strong></span> <span class='ocrx_word' id='word_1_257' title='bbox 630 4565 684 4686; x_wconf 59' lang='grc' dir='ltr'><strong>ῙἪ</strong></span> <span class='ocrx_word' id='word_1_258' title='bbox 721 4556 888 4605; x_wconf 85' lang='lat' dir='ltr'><strong>tenemento</strong></span> <span class='ocrx_word' id='word_1_259' title='bbox 918 4549 1042 4607; x_wconf 81' lang='lat' dir='ltr'><strong>Wolteri</strong></span> <span class='ocrx_word' id='word_1_260' title='bbox 1073 4553 1210 4608; x_wconf 81' lang='lat' dir='ltr'><strong>Barteno.</strong></span> <span class='ocrx_word' id='word_1_261' title='bbox 1262 4555 1298 4608; x_wconf 82' lang='lat'><strong>20</strong></span> <span class='ocrx_word' id='word_1_262' title='bbox 1324 4553 1403 4623; x_wconf 63' lang='lat' dir='ltr'><strong>Moy,</strong></span> <span class='ocrx_word' id='word_1_263' title='bbox 1434 4555 1468 4610; x_wconf 88' lang='grc'><strong>10</strong></span> 
     </span>
     <span class='ocr_line' id='line_1_40' title="bbox 479 4647 694 4687; baseline 0.033 -7"><span class='ocrx_word' id='word_1_264' title='bbox 479 4667 485 4680; x_wconf 97' lang='grc'><em>.</em></span> <span class='ocrx_word' id='word_1_265' title='bbox 598 4647 632 4685; x_wconf 82' lang='grc' dir='ltr'><strong>ιο.</strong></span> <span class='ocrx_word' id='word_1_266' title='bbox 688 4674 694 4687; x_wconf 95' lang='grc'><em>.</em></span> 
     </span>
    </p>
   </div>
   <div class='ocr_carea' id='block_1_17' title="bbox 534 4736 1311 4813">
    <p class='ocr_par' dir='ltr' id='par_1_19' title="bbox 534 4736 1311 4813">
     <span class='ocr_line' id='line_1_41' title="bbox 534 4736 1311 4813; baseline 0.009 -22"><span class='ocrx_word' id='word_1_267' title='bbox 534 4736 690 4793; x_wconf 75' lang='lat' dir='ltr'><strong>oonxvt.</strong></span> <span class='ocrx_word' id='word_1_268' title='bbox 935 4739 940 4812; x_wconf 78' lang='grc' dir='ltr'>ι</span> <span class='ocrx_word' id='word_1_269' title='bbox 990 4741 1059 4813; x_wconf 71' lang='lat' dir='ltr'><strong>oap.</strong></span> <span class='ocrx_word' id='word_1_270' title='bbox 1080 4741 1201 4810; x_wconf 71' lang='lat' dir='ltr'><strong>coen,</strong></span> <span class='ocrx_word' id='word_1_271' title='bbox 1222 4743 1258 4799; x_wconf 82' lang='lat' dir='ltr'><strong>n.</strong></span> <span class='ocrx_word' id='word_1_272' title='bbox 1278 4743 1311 4798; x_wconf 93' lang='lat' dir='ltr'><strong>o.</strong></span> 
     </span>
    </p>
   </div>
   <div class='ocr_carea' id='block_1_18' title="bbox 0 0 1762 5816">
    <p class='ocr_par' dir='ltr' id='par_1_20' title="bbox 0 0 1762 5816">
     <span class='ocr_line' id='line_1_42' title="bbox 0 0 1762 5816; baseline 0 0"><span class='ocrx_word' id='word_1_273' title='bbox 0 0 1762 5816; x_wconf 95' lang='lat' dir='ltr'><strong> </strong></span> 
     </span>
    </p>
   </div>
  </div>
 </body>
</html>
