3526 5810
430 793 495 865 272
685 812 882 862 nmmrnuu
905 811 1226 861 usnumauumusr.

743 1033 824 1100 on.
857 1013 1181 1100 occurramus

431 1179 553 1261 osea
587 1179 778 1246 euasura
807 1179 945 1246 vates
967 1179 1007 1244 u
1040 1179 1076 1244 a
1098 1180 1198 1245 rao
1220 1179 1261 1244 <o
1282 1178 1480 1246 saurae.

261 1331 409 1395 Qnitelain
473 1326 648 1390 Universis
671 1325 799 1391 Christi
821 1324 977 1390 fidelibus
1008 1347 1151 1410 prsesens
1174 1326 1335 1410 seriptum
1358 1324 1481 1390 visuris

260 1413 277 1448 o
299 1413 416 1449 oommon

260 1473 287 1514 at
299 1465 388 1518 Bove-

260 1545 349 1582 mem.

260 1737 278 1788 ἰ.
291 1743 351 1790 265.

263 4316 347 4368 Grent
357 4316 388 4367 of

263 4384 323 4434 land
334 4399 396 4434 near

264 4449 400 4527 §rudwelt

429 1428 481 1492 vel
504 1429 676 1506 audituris,
694 1428 861 1493 Walterus
884 1427 924 1492 de
947 1427 980 1490 la
995 1426 1092 1492 Porte
1115 1429 1156 1492 de
1179 1427 1376 1503 Sahuldone‚
1391 1427 1480 1492 salu-

428 1535 496 1594 tem
519 1536 677 1594 aeternam
713 1531 748 1593 in
771 1528 922 1594 Domino.
970 1529 1112 1594 Noverit
1146 1530 1346 1594 universitas
1369 1535 1483 1593 vestra

428 1653 481 1696 me
504 1633 665 1697 remisisse
688 1638 724 1696 et
746 1631 856 1717 quiete
891 1631 1057 1706 clamasse,
1079 1652 1140 1716 pro
1170 1652 1222 1695 me
1245 1636 1280 1696 et
1302 1630 1482 1696 heredibus

428 1735 509 1799 meis
531 1735 783 1820 imperpetuum,
799 1733 932 1799 domino
948 1733 1112 1798 Willelmo
1135 1733 1250 1798 abbati
1273 1734 1313 1798 de
1329 1733 1484 1798 Malmes-

428 1834 533 1913 buria,
567 1843 601 1900 et
635 1837 782 1920 ejusdem
814 1835 877 1900 loei
912 1835 1099 1911 conventui,
1133 1840 1238 1899 totam
1271 1857 1481 1900 eommunarn

428 1959 527 2022 quam
559 1937 661 2002 habui
693 1939 728 2002 in
760 1937 826 2001 illis
858 1938 970 2002 deoem
1001 1943 1036 2001 et
1067 1940 1139 2002 octo
1165 1937 1248 2002 aeris
1279 1942 1377 2002 terrae
1407 1960 1482 2024 qum

428 2040 515 2125 ipsos
538 2040 691 2106 abbatem
715 2047 749 2105 et
779 2045 979 2106 conventum
1011 2039 1209 2125 contingunt
1242 2039 1279 2103 in
1301 2039 1337 2103 hs
1360 2040 1476 2106 soue-

428 2163 532 2207 rnerse
554 2143 591 2205 in
622 2147 716 2228 parte
750 2142 886 2208 australi
921 2148 956 2206 et
986 2141 1139 2206 orientali
1171 2141 1212 2206 de
1235 2141 1272 2205 lo
1297 2141 1480 2229 Groferofte

429 2245 469 2308 de
494 2244 709 2322 Fouleswike,
726 2267 793 2310 una
816 2267 890 2311 oum
906 2265 1080 2311 eommuna
1103 2265 1205 2330 quam
1227 2244 1330 2309 habui
1353 2245 1389 2308 in
1412 2244 1481 2309 illis

428 2347 593 2410 sexdecim
616 2347 701 2412 acris
732 2352 829 2412 terrra
860 2368 935 2432 quae
962 2346 1077 2431 jaoent
1099 2345 1186 2410 inter
1207 2344 1374 2411 brechiam
1398 2345 1480 2409 Wil-

429 2449 519 2514 lelmi
542 2450 583 2514 de
607 2449 780 2516 Leofstone
810 2455 845 2514 et
877 2448 1043 2514 Johannis
1077 2447 1108 2512 le
1133 2447 1225 2534 King
1246 2448 1282 2512 in
1306 2455 1400 2534 parte
1421 2469 1480 2513 au-

430 2551 531 2628 strali,
554 2557 589 2616 et
611 2551 732 2617 orestas
755 2551 835 2617 Eva
857 2551 898 2615 de
921 2551 955 2616 la
977 2551 1085 2614 Marso
1108 2550 1144 2614 in
1166 2555 1261 2636 parte
1284 2550 1480 2636 aquilonari,

430 2659 465 2718 et
486 2654 673 2718 extendunt
696 2676 730 2718 se
754 2655 790 2718 in
813 2659 906 2739 parte
930 2652 1083 2718 orientali
1115 2674 1214 2738 super
1235 2658 1373 2717 stratam
1397 2654 1479 2738 pub-

431 2755 530 2821 licam
555 2779 629 2842 quae
651 2755 840 2843 appellatur
861 2755 1074 2841 Batheweye,
1098 2760 1133 2819 et
1154 2755 1191 2819 in
1213 2761 1307 2840 parte
1330 2756 1482 2821 occiden-

430 2859 492 2924 tali
523 2881 622 2945 super
659 2859 778 2924 silvam
813 2857 951 2924 Roberti
989 2857 1145 2943 Kayne13
1182 2865 1217 2923 et
1254 2859 1343 2943 ipsas
1375 2867 1478 2924 terras

430 2961 587 3026 claudant
617 2962 710 3026 etin
733 2961 866 3026 defenso
888 2966 1026 3026 teneant
1048 2960 1300 3045 imperpetuum.
1348 2961 1403 3026 Ita
1431 2967 1480 3026 ta·

430 3084 507 3127 men
545 3063 634 3148 quod
672 3084 740 3148 prae
772 3062 906 3128 defectu
930 3062 1106 3127 clausturae
1136 3061 1173 3125 in
1195 3061 1364 3147 praediotis
1386 3064 1480 3128 terris

430 3164 536 3242 factae,
558 3164 671 3228 averia
701 3185 775 3229 mea
798 3163 850 3228 vel
873 3163 1032 3228 heredum
1056 3184 1203 3230 meorum
1226 3185 1324 3248 super
1346 3165 1479 3250 praedio-

431 3273 484 3332 tas
506 3273 611 3332 terras
634 3267 772 3332 inventa
798 3287 866 3331 non
889 3267 1016 3351 possint
1038 3267 1236 3355 imparkare,
1252 3265 1331 3332 neo¹
1355 3267 1479 3353 aliquas

432 3371 587 3435 emendas
609 3391 726 3456 oapere
748 3368 802 3434 vel
825 3369 964 3455 exigere.
1004 3369 1049 3436 Et
1071 3371 1108 3434 in
1130 3370 1360 3435 testimonium
1382 3370 1480 3455 hujus

431 3471 632 3536 remissionis
666 3476 701 3537 et
732 3471 853 3556 quietae
880 3471 1067 3537 elementia
1105 3493 1194 3549 meae,
1226 3472 1290 3536 hoe
1324 3473 1480 3558 seriptum

431 3571 554 3636 eisdem
587 3571 702 3636 abbati
738 3577 772 3636 et
801 3573 981 3637 conventui
1013 3572 1084 3650 feei,
1108 3577 1142 3636 et
1174 3572 1257 3637 illud
1280 3572 1388 3659 sigillo
1410 3596 1481 3639 meo

431 3673 571 3758 signavi.
617 3673 693 3738 Hiis
716 3675 865 3752 testibus,
889 3680 948 3740 eto.
1069 3745 1072 3752 Ι

745 3917 824 3983 Car.
850 3915 1179 3986 coouxxxxnu.

433 4062 538 4130 caua
560 4063 696 4128 domiai
720 4062 849 4128 obbatis
871 4071 900 4129 et
922 4067 1103 4132 conventas
1119 4065 1371 4132 Moloeesburioe
1386 4065 1482 4154 sacto

715 4165 874 4232 Johormi
897 4165 936 4232 de
959 4167 1215 4252 Hamtyatom.

476 4314 649 4379 Universis
674 4311 800 4378 Christi
829 4313 982 4378 fidelibus
1008 4337 1152 4400 praesens
1174 4317 1333 4402 seriptum
1356 4317 1478 4382 visuris

432 4415 486 4480 vel
510 4415 680 4492 audituris,
698 4415 883 4480 Willelmus
899 4416 962 4480 Dei
985 4416 1093 4502 gratia
1115 4419 1216 4482 abbas
1231 4419 1481 4496 Malmesburiae,

263 4531 369 4649 3330·
433 4523 467 4582 et
502 4517 648 4602 ejusdem
681 4517 743 4582 loci
776 4524 967 4596 conventus,
990 4519 1132 4586 salutem
1164 4526 1322 4586 aeternam
1356 4523 1393 4586 in
1415 4521 1483 4586 Do-

835 4713 842 4745 ¹
855 4713 912 4780 aar]
928 4729 969 4774 ne,
980 4715 1008 4764 in
1018 4715 1075 4766 MS.
