3524 5808
523 917 720 968 unorsrnun
743 917 1065 968 naunassumsvsn.
1255 903 1318 968 351

268 1108 311 1174 ab
333 1107 454 1195 angulo
486 1109 633 1194 ejusdem
656 1108 693 1172 in
715 1113 810 1194 parte
842 1107 1047 1186 occidentali,
1066 1108 1197 1195 jacente
1233 1109 1321 1174 inter

269 1211 492 1298 curtillagium
509 1211 676 1297 quondam
692 1210 847 1275 Nicholai
863 1210 1035 1292 TinctoriS,
1048 1217 1082 1276 et
1097 1211 1320 1298 curtillagium

270 1313 310 1378 de
333 1313 448 1380 Divite
473 1314 664 1379 Hundredo.
712 1313 911 1378 Habendum
936 1319 971 1378 et
1001 1315 1180 1379 tenendum
1212 1321 1319 1380 totum

270 1418 465 1502 praedictum
498 1423 725 1483 tenementum
758 1439 833 1482 cum
866 1418 1063 1503 curtillagiis
1095 1418 1322 1504 adjacentibus

270 1527 302 1585 et
327 1521 479 1586 omnibus
513 1521 587 1586 aliis
611 1521 824 1607 pertinentiis
848 1522 926 1598 suis,
950 1522 1117 1607 praedictis
1140 1522 1255 1588 abbati
1287 1529 1322 1588 et

270 1625 450 1688 conventui
473 1630 508 1689 ct
540 1645 652 1689 eorum
685 1624 925 1690 successoribus
959 1623 1069 1700 libere,
1091 1623 1182 1702 hene,
1206 1631 1241 1689 et
1262 1647 1321 1711 pa-

269 1725 368 1802 cifice,
392 1726 515 1810 absque
540 1726 629 1790 omni
653 1727 883 1790 vendicatione
907 1727 1140 1811 cujuscumque
1158 1727 1244 1812 juris
1267 1727 1321 1791 vel

270 1827 380 1893 clamii
415 1829 479 1894 mei
513 1827 566 1892 vel
609 1828 769 1893 heredum
805 1850 953 1893 meorum
988 1827 1042 1892 vel
1075 1829 1320 1914 assignatorum

270 1951 416 1996 meorum
439 1932 690 2017 imperpetuum.
754 1930 934 1995 Reddendo
966 1930 1043 1996 inde
1074 1932 1248 1996 annuatim
1271 1955 1323 1998 ca-

271 2032 430 2119 pitalibus
469 2033 611 2098 dominis
646 2033 734 2098 feodi
765 2032 863 2111 illius,
896 2033 1075 2097 octodecim
1108 2034 1257 2098 denarios
1287 2035 1323 2099 in

272 2135 356 2200 festo
390 2135 504 2202 Sancti
538 2133 709 2200 Michaelis
731 2156 791 2219 pro
814 2136 904 2198 omni
935 2135 1073 2200 servicio
1096 2136 1242 2214 seculari,
1266 2160 1322 2202 ex-

272 2239 401 2305 actione
417 2243 451 2302 et
473 2237 644 2302 demanda.
693 2237 737 2301 Et
769 2259 830 2323 ego
853 2236 1019 2302 Robertus
1042 2243 1077 2302 et
1099 2238 1235 2304 heredes
1258 2241 1322 2304 mei

272 2346 380 2404 totum
403 2339 600 2425 praedictum
623 2345 859 2412 tenementum.
883 2361 958 2404 cum
981 2340 1133 2404 omnibus
1156 2342 1322 2426 pertinen-

271 2443 328 2506 tiis
361 2443 438 2519 suis,
461 2440 629 2526 praedictis
652 2441 767 2506 abbati
790 2446 825 2505 et
847 2441 1026 2506 conventui
1050 2447 1084 2506 et
1113 2463 1226 2506 eorum
1249 2464 1322 2508 suc·

272 2544 453 2611 censoribus
486 2549 602 2609 contra
631 2565 743 2608 omnes
767 2544 922 2609 mortales
945 2544 1245 2625 warantizabimuS,
1269 2567 1322 2610 ac-

272 2647 503 2732 quietabimus,
536 2651 570 2710 et
593 2647 837 2731 imperpetuum
872 2646 1093 2712 defendemus.
1156 2645 1196 2711 In
1228 2649 1322 2732 cujus

272 2752 319 2814 rei
342 2748 569 2814 testimonium
588 2747 744 2832 praesenti
768 2754 867 2812 cartae
883 2748 1028 2833 sigillum
1051 2771 1160 2813 meum
1176 2751 1321 2834 apposui.

273 2852 349 2916 Hiis
383 2851 535 2927 testibus,
557 2849 790 2916 Bartholomeo
825 2852 970 2936 Aunger‚
1004 2850 1158 2916 «Iohanne
1192 2851 1321 2929 MicheL

272 2953 425 3019 Johanne
460 2952 556 3038 Cory,
590 2953 730 3018 Ricardo
763 2957 798 3017 et
832 2953 959 3038 Rogero
992 2953 1132 3031 Hasard,
1171 2953 1354 3030 Johannef,
1366 2975 1447 3031 mo,

273 3055 422 3141 Selkylrl,
462 3055 627 3119 Edwardo
666 3055 706 3118 de
747 3055 866 3133 Lacok‚
905 3055 1051 3121 Henrico
1090 3055 1252 3121 Handscx
1290 3063 1324 3126 et

273 3158 355 3223 aliis.

643 3372 726 3441 Can.
751 3369 958 3437 CCOOLXI.

276 3553 379 3618 Ocrtc
410 3550 543 3637 prioris
566 3557 595 3614 et
617 3557 798 3616 conuentus
830 3548 870 3614 de
892 3547 1052 3632 Furlephe
1080 3548 1177 3636 suctu
1211 3549 1325 3618 abacti

362 3662 391 3720 et
412 3651 591 3718 corruentia·
616 3651 656 3716 dc
678 3649 924 3716 Mcdrrrcsburiu
947 3651 986 3715 dc
1010 3651 1160 3737 quodum
1195 3652 1325 3720 brachiu

361 3763 390 3822 et
413 3754 504 3822 aliia

223 3939 230 3952 ·
318 3917 492 3982 Universis
514 3915 639 3981 Christi
661 3915 813 3978 fidelibus
845 3935 988 3998 praesens
1019 3917 1178 4000 scriptum
1202 3917 1323 3983 visuris
1336 3921 1476 3989 Exehmge

273 4020 326 4085 vel
349 4019 522 4096 auditune,
540 4017 683 4081 Thomas
706 4017 770 4080 Dei
792 4017 900 4102 gratia
922 4019 1012 4102 prior
1034 4018 1074 4082 de
1091 4017 1259 4104 Farleghe,
1289 3989 1453 4106 etffiiissnt‘sse

274 4121 420 4208 ejusdem
451 4120 514 4184 loci
536 4124 727 4194 conventus,
751 4118 892 4183 salutem
915 4125 1072 4185 aeternam
1105 4121 1140 4183 in
1172 4121 1323 4189 Domino.
1335 4121 1378 4172 the
1391 4121 1497 4185 priores

275 4223 418 4288 Noverit
451 4220 651 4285 universitas
675 4225 787 4284 vestra
818 4241 878 4284 nos
912 4221 1041 4285 dedisse
1063 4227 1098 4285 et
1129 4225 1323 4288 concessisse
1336 4187 1470 4254 Formegh.

274 4348 333 4410 pro
367 4324 462 4388 nobis
494 4329 528 4387 et
561 4323 799 4388 successoribus
831 4323 953 4388 nostris
986 4324 1118 4389 domino
1153 4325 1325 4404 Willelmo,

274 4427 338 4492 Dei
360 4427 468 4513 gratia
499 4426 614 4490 abbati
638 4424 890 4504 Malmesburire,
915 4429 950 4489 et
982 4426 1129 4511 ejusdem
1163 4426 1225 4491 loci
1249 4449 1326 4492 con-

274 4530 400 4606 ventui,
432 4528 523 4593 illam
557 4526 724 4593 brechiam
764 4547 838 4612 quae
873 4527 939 4591 fuit
973 4527 1151 4612 aliquando
1190 4527 1325 4595 Thomae

274 4631 305 4697 le
337 4630 437 4715 Wyte
462 4630 501 4695 de
525 4628 702 4714 Alyntone,
726 4633 761 4692 et
783 4629 936 4693 extendit
961 4651 996 4694 se
1029 4651 1128 4715 super
1159 4630 1325 4714 spinetum

274 4734 314 4798 de
333 4731 485 4808 Jethone,
509 4737 543 4796 et
560 4731 651 4816 jacet
673 4731 761 4794 inter
793 4730 961 4796 brechiam
986 4730 1142 4816 Symonis
1173 4732 1214 4796 de
1238 4731 1326 4797 Hor-

276 4835 396 4900 kedale
431 4839 466 4899 et
502 4839 608 4898 terras
639 4833 873 4919 praedictorum
908 4832 1039 4898 abbatis
1073 4837 1108 4897 et
1141 4841 1326 4900 conventus
