3526 5810
514 900 714 954 uaersnaun
737 899 1060 952 nunnasnuarussa
1255 887 1318 954 281

264 1091 361 1157 dibus
376 1091 467 1169 meis,
484 1096 519 1157 eb
534 1091 711 1178 assignatis
727 1092 819 1169 moia,
835 1097 870 1157 et
885 1092 988 1158 etiam
1003 1090 1194 1158 hominibus
1217 1091 1432 1170 meis,11anuat

266 1193 337 1260 Deo
377 1200 411 1259 ei
442 1194 585 1260 eoelesiae
624 1195 716 1261 baadi
753 1193 899 1260 Aidalmi
939 1195 979 1261 de
1011 1195 1255 1274 Malmesburia‚
1287 1167 1465 1282 stiffi&

265 1297 398 1362 domino
421 1296 588 1362 Willelmo
612 1296 789 1376 abbatiari
815 1297 984 1364 monachis
1011 1297 1135 1363 ibidem
1160 1297 1231 1363 Deo
1256 1319 1321 1364 ser·
1335 1296 1490 1414 ursulussin

265 1398 441 1478 viantibus,
458 1404 567 1466 hoium
590 1399 647 1486 jus
670 1405 705 1465 eh
730 1398 885 1466 olamium
901 1399 988 1486 quod
1012 1399 1124 1478 habui,
1141 1399 1195 1465 vel
1210 1399 1322 1486 aliquo
1335 1381 1383 1418 ⁶¹⁰
1402 1379 1474 1431 ange.

265 1501 362 1568 modo
384 1501 505 1568 habere
528 1502 635 1589 potui,
658 1502 695 1566 in
726 1501 794 1567 illis
818 1507 961 1588 quatuor
982 1501 1067 1568 aeris
1100 1507 1198 1567 oense
1233 1500 1323 1588 apud

266 1603 477 1691 Nywentone
489 1628 497 1685 ;
520 1626 662 1690 quarum
685 1626 753 1672 una
778 1626 855 1672 aera
886 1610 921 1670 ab
943 1604 1083 1672 dimidia
1107 1605 1199 1690 janot
1232 1605 1323 1691 apud

264 1705 474 1786 Sterieslade,
511 1709 602 1794 apud
636 1706 863 1794 Oleigarstone
901 1728 969 1776 uua
1002 1728 1085 1786 aera,
1109 1712 1144 1774 st
1174 1707 1264 1794 apud
1286 1707 1323 1774 lo

263 1809 372 1878 Beroe
393 1831 462 1878 una
484 1833 560 1880 aera
582 1819 617 1878 ei
638 1811 784 1877 dimidia.
831 1811 956 1878 Remini
979 1811 1081 1878 etiam
1103 1816 1138 1878 ot
1172 1811 1322 1897 quietum

177 1985 182 1994 ,
264 1913 413 1993 clamavi,
435 1936 495 2000 pro
526 1936 579 1980 mo
608 1919 643 1980 ei
665 1936 725 2003 pro
747 1913 923 1981 heredibus
957 1914 1048 1993 meis,
1081 1920 1116 1980 oi
1146 1913 1322 2000 assignabis

265 2017 346 2082 meis
379 2022 413 2083 et
451 2018 552 2085 ahiam
590 2017 780 2083 hominibus
818 2019 908 2096 meis,
942 2017 1108 2105 praedietis
1142 2017 1256 2084 abbati
1288 2021 1322 2084 eh

264 2120 451 2198 conventui,
474 2125 510 2186 et
544 2141 656 2188 eorum
691 2121 939 2199 suecessoribus,
972 2126 1079 2188 iotam
1114 2141 1321 2188 eommunaru

264 2243 363 2309 quam
387 2223 528 2290 clamavi
560 2223 680 2290 habore
714 2225 750 2289 in
772 2225 841 2291 solo
874 2225 932 2290 illo
954 2225 990 2289 in
1014 2222 1210 2292 Charlehone
1233 2224 1322 2310 quod

144 2317 150 2322 ’
265 2333 403 2393 vocatur
449 2327 699 2406 Middelhurste,
738 2329 780 2393 ab
818 2327 1012 2396 oooidantali
1050 2327 1172 2414 angulo
1209 2327 1322 2394 orostoe

264 2431 384 2516 Rogeri
407 2431 447 2496 de
479 2431 665 2518 Radeweye
694 2431 864 2516 usquead
895 2431 1040 2496 rivulum
1075 2431 1133 2517 qui
1155 2429 1250 2497 venii
1281 2430 1322 2496 de

266 2531 496 2621 Suetenhegge
508 2559 516 2616 ;
543 2540 578 2600 ei
609 2534 656 2600 sio
678 2555 738 2619 per
769 2533 914 2600 rivulum
945 2534 1040 2600 illum
1064 2555 1168 2622 usque
1191 2533 1234 2599 ad
1257 2533 1321 2599 fos-

269 2645 378 2706 satum
413 2641 523 2726 oampi
556 2641 596 2706 do
621 2639 820 2707 Oherletona
853 2641 911 2727 qui
933 2646 1072 2708 voeatur
1093 2640 1320 2720 Holdodoune‚

265 2748 299 2809 ei
330 2743 377 2811 sio
410 2765 431 2809 a
468 2743 590 2810 fossaio
628 2742 685 2808 illo
720 2765 824 2830 usque
858 2743 901 2809 ad
936 2743 972 2810 lo
1007 2742 1219 2812 Wodebreohe.
1266 2743 1321 2810 Iba

265 2845 354 2932 quod
399 2867 459 2912 nee
503 2867 572 2934 ego,
617 2867 678 2912 neo
722 2845 842 2932 aliquia
879 2845 1037 2912 heredum
1083 2845 1137 2912 vel
1174 2847 1321 2934 assigna·

264 2954 374 3013 horum
408 2969 563 3029 meorum,
587 2947 764 3014 ueletiam
798 2947 970 3014 hominum
1001 2969 1156 3029 meorum,
1187 2949 1321 3036 aliquod

260 3050 317 3138 jus
340 3052 395 3118 vel
417 3052 572 3119 elamium
596 3052 633 3116 in
656 3052 823 3138 praedietis
848 3059 990 3139 quatuor
1005 3053 1088 3120 aeris
1111 3058 1207 3120 terrae
1230 3053 1321 3140 apud

266 3155 474 3232 Niweniono,
497 3155 551 3220 vel
583 3155 729 3241 aliquam
761 3169 970 3222 communem
1002 3156 1039 3220 in
1070 3156 1228 3243 praedicto
1251 3157 1320 3222 solo

265 3260 306 3326 da
329 3259 577 3338 Middelhumio,
602 3265 662 3326 aui
685 3260 721 3324 in
744 3259 824 3326 loeis
846 3259 1024 3347 praedietis,
1046 3265 1146 3346 prout
1168 3261 1320 3348 superius

265 3367 315 3427 est
349 3383 547 3449 expressum,
569 3361 682 3448 aliquo
713 3367 859 3449 tempore
890 3363 986 3429 nobis
1008 3364 1139 3450 exigere
1163 3362 1217 3430 vol
1240 3385 1320 3429 ven-

265 3465 372 3530 dioaro
405 3464 567 3551 possimus
601 3465 852 3552 imperpetuum.
900 3465 1000 3532 Salva
1034 3471 1147 3532 tamen
1178 3466 1262 3531 mihi
1285 3472 1321 3532 eh

265 3567 439 3634 heredibus
463 3567 551 3645 meis,
575 3573 611 3632 eh
633 3568 733 3634 etiam
755 3565 954 3646 hominibus,
985 3569 1022 3632 in
1054 3575 1194 3656 utraque
1224 3573 1320 3655 paria

265 3671 326 3736 soli
359 3671 518 3757 praediobi,
541 3669 717 3736 suffieionti
748 3670 861 3738 ehaeia
883 3672 927 3737 ad
958 3671 1071 3738 averia
1101 3671 1248 3759 fuganda
1286 3675 1321 3736 ot

265 3794 378 3842 onnus
401 3779 436 3840 eh
458 3777 601 3840 careotas
616 3772 791 3840 ducendas.
845 3772 909 3839 Pro
924 3773 986 3841 hae
1000 3778 1113 3841 autern
1128 3775 1320 3841 remissione

265 3882 300 3943 eh
322 3877 436 3964 quieta
450 3876 629 3944 clamantia
652 3897 726 3942 mea
748 3875 912 3942 dederunt
933 3876 1016 3942 mihi
1040 3877 1190 3965 praediohi
1217 3877 1319 3943 abbas

266 3985 301 4046 et
322 3985 505 4048 eonvenius
539 3984 606 4046 ires
640 4001 731 4046 aeras
754 3986 789 4046 et·
826 4000 928 4045 unam
959 3981 1119 4068 perhioam
1151 3985 1248 4046 berrae
1283 3980 1319 4045 in

266 4105 380 4170 eampo
402 4084 443 4149 de
468 4082 672 4160 Cher-letone
703 4087 803 4170 prout
824 4082 861 4148 in
884 4086 976 4151 osma
1000 4083 1164 4150 uemmm
1187 4083 1421 4156 abbatissam.

265 4191 299 4252 ei
322 4191 504 4254 conventus
526 4184 610 4250 mihi
643 4185 790 4253 confecia
812 4184 942 4272 plenius
973 4186 1170 4252 continetur.
1216 4187 1261 4250 Es
1283 4187 1320 4252 in

265 4289 492 4356 testimonium
534 4288 634 4375 hujus
665 4287 865 4355 remissionis
905 4292 940 4354 et
970 4288 1092 4376 quiohae
1132 4289 1319 4356 alsmantia

265 4413 356 4473 mem,
378 4393 440 4460 hoo
464 4392 623 4480 seriphum
647 4392 769 4458 eisdem
792 4392 907 4459 abbati
931 4398 966 4459 et
988 4393 1167 4460 conventui
1190 4393 1261 4471 faoi,
1284 4397 1320 4459 ei

264 4497 348 4564 illud
372 4496 480 4586 sigillo
502 4517 576 4562 meo
598 4496 737 4583 signari.
783 4495 868 4576 His,
892 4501 950 4564 eho

467 4685 566 4692 ---.—.-

610 4782 701 4850 ¹2⁸er
716 4782 860 4846 moinonis,
876 4783 933 4838 MS.
