3526 5810
398 888 463 954 284
651 903 850 954 arorsraon
873 901 1200 955 nsannssuarsssa.

396 1090 554 1156 heredum
577 1112 711 1158 suorum
742 1113 800 1158 seu
831 1091 1072 1178 esugnatorum
1104 1113 1246 1170 suorum,
1269 1092 1323 1158 vel
1346 1093 1447 1158 otiam

397 1193 569 1260 hominum
592 1216 727 1260 suorum
749 1195 791 1260 do
813 1193 899 1261 Pole.
946 1195 1059 1262 Liceat
1082 1195 1182 1262 etiam
1204 1195 1372 1282 praedictis
1393 1196 1450 1262 ab·

397 1296 468 1360 bati
491 1301 526 1362 et
548 1297 728 1380 conventui
752 1301 786 1362 et
809 1318 922 1363 eorum
941 1297 1188 1376 suecessoribus,
1205 1298 1318 1364 averia
1341 1304 1451 1364 extra-

396 1419 533 1463 neorum
547 1398 720 1465 hominum
738 1399 787 1484 [in
802 1400 912 1486 parte]
928 1399 1094 1486 praedictae
1116 1421 1217 1467 moras
1232 1401 1275 1466 ad
1291 1421 1345 1466 eos
1359 1422 1450 1486 spec·

395 1505 488 1566 tante
501 1501 640 1567 inventa
653 1501 849 1587 imparkare,
867 1505 902 1566 et
916 1502 958 1567 da
973 1499 1096 1568 eisdam
1112 1501 1325 1568 rationabiles
1341 1523 1449 1567 emen·

395 1603 453 1669 das
468 1625 590 1690 capere.
637 1604 751 1672 Liceat
765 1604 867 1671 etiam
884 1605 998 1670 eodem
1014 1606 1111 1672 modo
1130 1605 1290 1692 praedicto
1305 1604 1449 1672 Robertc

395 1711 429 1771 et
450 1705 630 1772 heredibus·
649 1707 726 1790 suis,
744 1729 803 1794 pro
826 1708 947 1774 averiis
970 1713 1201 1775 extraneorum
1219 1707 1392 1774 hominum
1413 1707 1449 1772 in

393 1814 487 1895 parte
509 1810 677 1896 praedictas
710 1832 811 1877 moras
842 1811 886 1878 ad
919 1811 1028 1897 ipsum
1060 1811 1243 1878 Robertum
1278 1815 1448 1898 spectante

392 1913 599 1998 imparkatis,
638 1914 793 1980 emendas
831 1935 948 2000 capere
990 1913 1211 1982 rationabiles.
1279 1914 1449 1984 Conmssit

393 2015 494 2080 etiam
524 2017 701 2102 praedictus
734 2017 899 2082 Robertus
930 2038 991 2104 pro
1022 2039 1057 2083 se
1091 2023 1126 2084 at
1162 2016 1339 2084 heredibus
1369 2017 1447 2096 suis,

393 2120 481 2204 quod
503 2119 653 2204 praedicti
676 2119 827 2186 homines
848 2120 889 2185 da
912 2120 1058 2186 Ewelma
1077 2121 1205 2208 possint
1226 2119 1348 2187 habere
1370 2120 1446 2187 cha-

392 2219 476 2284 ciam
499 2242 592 2286 suam
615 2220 660 2286 ad
691 2222 805 2288 averia
837 2243 898 2288 sua
930 2222 1103 2289 commoda
1134 2227 1169 2288 et
1191 2222 1302 2288 omnia
1331 2244 1446 2288 versus

392 2323 583 2407 praedictam
621 2345 746 2392 moram
785 2325 964 2394 chaoienda
995 2347 1054 2412 per
1088 2331 1209 2393 terram
1243 2347 1338 2392 suam
1369 2347 1443 2412 quae

392 2430 530 2490 vocatur
553 2425 724 2494 Estdrove.
771 2427 825 2494 Ita
856 2433 970 2494 tamen
993 2429 1082 2514 quod
1114 2450 1239 2496 moram
1270 2429 1306 2494 in
1328 2428 1443 2494 eadam

390 2527 540 2593 faciendo
563 2535 731 2614 pasturam
754 2531 846 2597 illam
878 2553 946 2596 non
968 2531 1155 2618 depascant,
1179 2532 1269 2617 quod
1301 2531 1330 2596 si
1362 2533 1444 2598 fece·

389 2629 465 2708 rint,
489 2632 640 2716 praedicti
667 2632 770 2699 abbas
792 2639 827 2699 et
849 2639 1042 2712 conventus,
1065 2655 1125 2721 pro
1155 2656 1189 2700 se
1213 2640 1248 2700 et
1281 2655 1443 2702 successo·

388 2731 480 2798 ribus
504 2735 581 2816 suis,
605 2741 834 2802 concesserunt
864 2737 954 2822 quod
976 2737 1142 2802 Robertus
1165 2742 1200 2803 et
1230 2738 1369 2804 heredes
1390 2739 1442 2803 sui

388 2837 461 2923 ipsa
483 2839 596 2904 averia
617 2840 745 2926 possint
774 2840 970 2926 imparkare,
994 2844 1030 2906 et
1052 2840 1264 2908 rationabiles
1287 2841 1441 2908 emendas

387 2941 465 3006 inde
503 2963 626 3028 capere.
689 2943 731 3006 In
764 2943 858 3029 cujus
890 2943 938 3008 rei
973 2943 1200 3010 testimonium
1237 2943 1300 3010 hoc
1340 2944 1442 3031 scrip-

388 3047 460 3106 turn
483 3043 681 3129 bipertitum
712 3045 801 3110 inter
822 3049 935 3131 partes
958 3049 1010 3110 est
1040 3045 1233 3124 confectum,
1257 3051 1293 3112 et
1323 3044 1441 3132 sigillis

387 3146 533 3230 partium
556 3147 748 3213 alternatim
771 3147 925 3234 appensis
947 3147 1147 3216 roboratum.
1194 3147 1271 3213 Hiis
1289 3148 1439 3227 testibus,

386 3253 445 3313 etc.

772 3477 853 3543 Gar.
879 3473 1081 3542 OCOOIIII.

409 3629 515 3698 Oorto
538 3627 712 3698 Jobooar's
735 3627 846 3696 Babba
862 3629 960 3715 scoto
983 3627 1098 3696 abbati
1120 3633 1150 3694 ot
1173 3625 1363 3704 coacescat,
1378 3623 1417 3694 da

788 3730 1041 3798 llaloresburic.

216 3843 316 3892 enclose

216 3909 276 3958 rano
288 3925 303 3958 a
429 3861 603 3927 'Universis
627 3859 750 3926 Christi
773 3859 927 3924 fidelibus
957 3879 1101 3944 praesens
1123 3857 1282 3943 scriptum
1315 3857 1436 3922 visuris

215 3973 306 4025 Bore-
384 3966 439 4030 vel
462 3964 634 4042 audituris,
657 3962 826 4030 Johannes
858 3960 983 4040 Babba,
1007 3961 1096 4026 lilius
1127 3965 1163 4026 et
1183 3960 1279 4028 heres
1301 3960 1436 4026 Thomu

215 4055 308 4146 mersa
384 4067 508 4145 Bubbe,
533 4066 673 4133 salutem
696 4070 856 4132 aeternam
878 4064 915 4130 in
938 4063 1090 4130 Domino.
1136 4063 1280 4129 Noverit
1302 4063 1434 4128 univer-

383 4171 464 4235 sitas
487 4175 598 4235 vestra
620 4191 673 4234 me
696 4167 900 4244 concessisse,
922 4187 982 4253 pro
1005 4187 1058 4231 me
1088 4169 1123 4232 at
1144 4165 1322 4232 heredibus
1344 4166 1434 4244 meis,

383 4273 515 4338 domino
539 4270 705 4336 Willelmo
727 4269 843 4336 abbati
876 4269 917 4333 de
950 4267 1193 4346 Malmesburia,
1225 4273 1261 4334 et
1287 4268 1435 4354 ejusdem

382 4376 445 4442 loci
467 4374 655 4453 conventui,
678 4373 767 4460 quod
793 4371 863 4458 ipsi
896 4370 1099 4438 habeantet
1130 4375 1267 4437 teneant
1300 4371 1435 4457 pacifica

381 4479 625 4564 imperpetuum
648 4482 737 4543 totas
759 4481 864 4542 terras
887 4473 976 4560 ipsos
990 4473 1146 4539 abbatem
1174 4478 1209 4539 et
1232 4479 1433 4540 conventum

380 4583 610 4669 contingentes
653 4581 690 4646 in
722 4580 758 4646 lo
791 4577 1001 4656 Rowoororm
1033 4577 1069 4640 in
1101 4581 1195 4663 parte
1227 4577 1365 4643 australi
1399 4583 1434 4642 at

380 4687 534 4752 orientali
565 4685 606 4751 de
639 4684 675 4751 lo
700 4680 882 4770 Groforofte
915 4681 957 4746 de
991 4677 1220 4765 Fouleswyke,
1254 4701 1322 4745 una
1356 4701 1431 4747 cum

380 4790 479 4876 longa
501 4787 633 4854 brechia
656 4809 730 4873 quae
765 4809 799 4854 se
821 4783 974 4852 extendit
1004 4805 1025 4850 a
1055 4788 1162 4849 strata
1193 4781 1333 4869 publica,
1357 4805 1431 4870 quae

217 3771 322 3827 lirense
333 3783 360 3827 to
