3566 5820
557 891 756 944 srcrsrsuu
779 891 1102 944 umusssueruusn
1296 881 1359 944 121

305 1079 405 1146 ebbes
427 1080 587 1146 concessit
608 1100 668 1166 pro
691 1100 725 1144 se
748 1085 783 1145 et
805 1078 1043 1145 successoribus
1066 1079 1143 1158 suis,
1168 1088 1203 1148 et
1230 1083 1367 1150 ecclesie

305 1203 365 1247 sue
386 1181 553 1268 praedicta,
578 1180 746 1268 praedictis
770 1177 932 1247 Nieholao
955 1186 991 1246 et
1017 1181 1150 1248 Edithae
1177 1185 1364 1270 [praedicta]
1445 1255 1453 1264 ,

306 1285 372 1350 tria
394 1285 563 1372 mesuagio
584 1305 660 1352 cum
683 1283 892 1370 pertinentiis
908 1283 945 1347 in
967 1283 1125 1350 suburbio
1148 1286 1190 1352 de
1214 1287 1367 1354 Melmes-

306 1385 421 1452 buria:
443 1385 634 1452 habendum
657 1393 692 1452 et
714 1385 896 1452 tenendum
920 1385 1042 1451 eisdem
1058 1385 1222 1454 Nicholao
1237 1394 1273 1454 et
1288 1387 1366 1453 Edi-

305 1488 373 1553 thse
390 1487 430 1553 de
452 1489 611 1574 praedicto
630 1489 763 1566 abbate,
779 1493 814 1554 et
829 1488 1066 1553 successoribus
1090 1489 1167 1567 suis,
1183 1494 1217 1554 et
1233 1490 1368 1556 ecclesie

306 1609 367 1655 sua
396 1589 562 1676 praedicte,
585 1593 659 1656 tota
680 1590 754 1655 vita
776 1589 950 1674 utriusque
980 1591 1125 1676 ipsorum
1148 1589 1302 1657 Niehclei
1333 1596 1368 1657 et

307 1689 447 1771 Edithae,
481 1693 647 1760 reddendo
680 1692 757 1758 inde
789 1713 849 1779 per
886 1711 1011 1757 annum
1049 1691 1155 1758 eidem
1187 1693 1301 1760 abbati
1333 1697 1368 1760 et

306 1793 544 1861 successoribus
577 1795 655 1873 suis,
694 1800 729 1860 et
767 1794 909 1861 ecclesiae
942 1815 1010 1859 sues
1047 1793 1224 1880 praedicte,
1262 1816 1366 1860 unum

307 1896 477 1961 denarium
511 1897 553 1962 ed
577 1896 712 1978 Pascha,
736 1915 796 1983 pro
831 1897 919 1962 omni
950 1896 1097 1972 servicio,
1120 1897 1366 1974 consuetudine,

306 2004 341 2063 et
374 1997 552 2065 exactione.
600 1999 645 2065 Et
681 1998 860 2086 praedictus
895 1998 997 2065 abbas
1029 2003 1063 2064 et
1093 2017 1292 2065 successores
1315 1999 1366 2063 sui

306 2099 580 2178 warantizabunt
607 2099 853 2186 acquietabunt
880 2104 916 2164 et
945 2100 1124 2165 defendent
1148 2099 1270 2166 eisdem
1304 2101 1365 2165 Ni-

308 2200 421 2267 choleo
453 2207 487 2268 et
520 2199 653 2268 Edithae
685 2201 845 2289 proedicto
876 2203 942 2267 trie
966 2203 1142 2288 mesuagio,
1167 2223 1242 2269 cum
1264 2203 1367 2288 perti-

307 2301 438 2380 nentiis,
461 2323 521 2390 per
552 2302 749 2389 prsediotum
782 2302 957 2369 servicium
984 2306 1099 2370 contra
1121 2303 1271 2370 homines
1294 2307 1367 2370 tota

307 2405 380 2471 vita
401 2405 575 2492 utriusque
597 2405 744 2491 ipsorum
767 2404 922 2472 Nieholei
958 2411 992 2470 et
1026 2403 1165 2471 Edithee.
1213 2405 1258 2470 Et
1290 2409 1367 2492 post

309 2507 477 2573 decessum
511 2507 686 2593 utriusque
719 2507 867 2594 ipsorum
890 2506 1044 2574 Nicholai
1067 2511 1101 2573 et
1124 2506 1257 2573 Edithae
1281 2528 1365 2594 prae-

308 2609 398 2675 dicta
419 2609 486 2675 tria
507 2609 676 2696 mesuagia
697 2630 773 2675 cum
795 2608 1006 2696 pertinentiis
1035 2608 1163 2697 integre
1198 2615 1363 2675 reverten-

308 2717 365 2776 tur
403 2709 448 2777 ad
484 2710 680 2797 praedictum
718 2709 872 2777 abbatem
911 2717 945 2776 et
982 2729 1179 2777 successores
1216 2731 1292 2776 suos
1330 2717 1365 2776 et

308 2811 475 2878 ecclesiam
507 2831 601 2877 suam
623 2811 825 2899 praedictam,
858 2812 968 2898 quiete
1000 2811 1040 2877 de
1072 2811 1248 2877 heredibus
1281 2831 1363 2898 prae·

309 2913 470 2980 dictorum
493 2910 648 2980 Nicholai
670 2919 705 2979 et
728 2913 870 2992 Edithae,
892 2915 1143 3001 imperpetuum.

353 3015 399 3082 Et
429 3015 599 3082 sciendum
632 3015 721 3104 quod
751 3035 819 3082 non
851 3016 965 3083 licebit
999 3015 1122 3081 eisdem
1146 3013 1307 3082 Nicholao
1330 3019 1365 3081 et

311 3117 441 3185 Edithse
465 3117 624 3205 praedicte
657 3121 723 3187 tria
759 3119 936 3206 mesuagio,
975 3139 1049 3205 quae
1081 3119 1128 3184 eis
1166 3137 1225 3204 per
1261 3118 1363 3184 istum

309 3221 408 3288 finem
441 3228 622 3301 remanent,
649 3222 736 3301 dere,
763 3223 913 3300 vendere,
947 3221 1125 3299 invadiare,
1159 3241 1220 3288 nec
1253 3220 1364 3308 eliquo

309 3324 374 3390 alio
396 3323 493 3390 modo
515 3323 667 3403 alienare,
690 3345 751 3392 nec
772 3325 813 3390 de
837 3323 959 3390 eisdem
981 3327 1123 3400 vastum,
1139 3322 1365 3388 venditionem

310 3427 363 3493 vel
393 3425 531 3492 exilium
561 3425 677 3506 facere,
706 3449 770 3514 quo
797 3429 907 3493 minus
929 3433 1005 3514 post
1027 3427 1194 3493 decessum
1217 3425 1364 3514 ipsorum

312 3527 464 3595 Nioholai
498 3533 533 3594 et
564 3527 696 3595 Edithae
728 3529 886 3616 praedicta
918 3529 983 3594 tria
1004 3527 1173 3614 mesuagia
1194 3547 1269 3593 cum
1292 3547 1364 3614 per-

311 3632 461 3698 tinentiis
494 3632 621 3719 integre
652 3637 863 3698 revertentur
898 3631 939 3698 ad
974 3631 1170 3718 praedictum
1201 3631 1364 3709 abbatem,

311 3739 345 3800 et
387 3755 584 3801 successores
622 3755 706 3812 suos,
743 3737 778 3800 et
816 3733 984 3828 ecclesiam
1022 3754 1115 3798 suem
1163 3733 1364 3820 praedictam,

311 3836 421 3922 quiete
455 3837 706 3923 imperpetuum.
753 3834 799 3902 Et
824 3842 984 3923 praeterea
1005 3835 1094 3902 idem
1117 3835 1219 3901 abbas
1241 3834 1365 3920 recepit

311 3940 484 4026 praedictos
504 3937 702 4005 Nicholcum
741 3943 776 4004 et
798 3937 956 4006 Editham
973 3939 1014 4006 in
1037 3937 1175 4026 singulis
1198 3935 1365 4004 benefieiis

312 4047 353 4106 et·
376 4039 580 4108 orationibus
612 4061 685 4128 quse
720 4040 761 4107 de
793 4047 910 4107 coetero
944 4041 1027 4107 fient
1063 4040 1100 4105 in
1133 4038 1268 4107 ecclesia
1304 4059 1364 4104 sua

312 4144 470 4230 praedicta
492 4143 742 4232 imperpetuum.
