3600 5806
456 881 474 946 6
494 870 497 876 ’
709 889 908 942 unmsruuu
931 885 1254 940 umuasaumrxsr.

455 1079 635 1145 conventui
658 1095 685 1142 n.
710 1075 830 1141 solidos
853 1076 881 1140 si
904 1075 1047 1141 decimae
1067 1074 1212 1152 haberet,
1228 1076 1254 1139 si
1279 1075 1420 1141 decimae
1442 1096 1514 1142 non

454 1179 593 1246 haberet
615 1179 661 1243 xl.
685 1179 740 1244 sol.
765 1177 936 1252 Praeterea,
959 1181 994 1241 et
1030 1198 1105 1242 eum
1137 1199 1204 1242 una
1229 1176 1320 1262 hyda
1343 1177 1379 1241 in
1401 1177 1513 1242 Wale-

456 1287 529 1347 cote
553 1303 627 1366 quae
650 1303 683 1344 se
707 1277 857 1344 defendit
886 1301 945 1364 per
977 1277 1120 1342 militare
1152 1279 1335 1356 servitium,
1363 1283 1398 1343 et
1431 1300 1514 1363 quo-

456 1384 546 1448 niam
562 1383 633 1448 haee
655 1381 810 1456 vidimus,
826 1385 860 1446 et
883 1380 960 1445 inde
983 1380 1159 1445 veritatem
1182 1380 1311 1459 scimus,
1327 1381 1389 1446 hoc
1410 1382 1515 1468 scrip-

458 1493 530 1552 tum
554 1486 625 1550 fieri
649 1485 793 1560 fecimus,
816 1488 851 1548 et
873 1483 909 1546 in
940 1484 1166 1548 testimonium
1190 1484 1344 1549 veritatis
1366 1483 1514 1570 sigillum

457 1593 607 1654 nostrum
631 1587 851 1673 apposuimus,
899 1583 976 1648 Hiis
999 1583 1149 1661 testibua
1173 1586 1227 1650 &a

878 1819 958 1884 Cir.
983 1818 1111 1885 CXLV.

483 1959 531 2028 De
553 1960 688 2026 duobus
709 1958 867 2024 doniibrm
889 1957 1065 2044 quondam
1088 1957 1238 2022 Ieoballoe
1260 1952 1434 2020 Rumbold
1456 1951 1502 2016 ia

930 2065 1042 2130 ll'elrel.

507 2207 634 2272 Notum
657 2208 702 2270 ait
724 2206 877 2272 omnibus
899 2205 941 2269 ad
973 2226 1054 2290 quoa
1077 2225 1220 2289 praesens
1251 2202 1410 2287 scriptum
1442 2217 1516 2282 per-

461 2311 601 2388 venerit,
625 2309 714 2394 quod
737 2331 796 2394 ego
820 2307 978 2372 Ysabella
1000 2307 1070 2370 filia
1093 2305 1283 2380 Rumbaldi
1298 2321 1457 2370 consensu
1481 2305 1518 2362 et

461 2433 596 2478 assensu
620 2411 752 2476 Ceailiae
786 2411 863 2475 filiae
898 2431 990 2488 meae,
1023 2415 1057 2473 et
1090 2408 1219 2474 heredia
1253 2429 1344 2484 meae,
1379 2401 1519 2468 vendidi

466 2513 608 2578 Waltero
642 2511 869 2578 elemosinario
902 2511 1144 2576 Malmesburiae
1181 2510 1263 2575 duae
1295 2509 1408 2575 domos
1440 2526 1516 2589 quae

461 2616 535 2681 sitae
567 2621 647 2680 sunt
681 2616 716 2678 in
748 2620 855 2679 atrata
886 2613 945 2677 illa
977 2612 1230 2688 Malmesburiae‚
1261 2634 1336 2698 quae
1374 2619 1516 2680 vocatur

462 2717 794 2802 Est1·et‚etquietas
818 2715 959 2780 clamavi
982 2714 1025 2778 ab
1057 2715 1148 2780 omni
1183 2714 1321 2779 servitio
1355 2720 1390 2780 et
1420 2737 1518 2780 exac-

462 2925 628 3010 percipere
650 2923 824 2988 annuatim
856 2923 897 2986 de
931 2926 1020 2986 terra
1054 2943 1167 2998 vacua,
1191 2943 1265 3006 quae
1296 2921 1387 3005 jacet
1415 2922 1519 3008 juxta

463 3027 537 3092 illae
572 3027 685 3092 domos
717 3027 752 3090 in
787 3030 881 3111 parte
919 3024 1082 3102 orientali,
1115 3024 1252 3088 vendidi
1288 3024 1394 3088 eidem
1427 3025 1519 3089 Wal-

464 3135 534 3194 tero
557 3151 616 3215 pro
651 3150 706 3192 xx.
729 3125 785 3190 eol.
809 3126 1073 3212 sterlinguorum,
1097 3147 1178 3210 quos
1212 3124 1320 3190 dictus
1353 3125 1520 3191 Walterus

465 3232 558 3297 dedit
580 3231 670 3296 mihi.
719 3231 781 3294 Pro
804 3230 1037 3316 praedictarum
1073 3229 1174 3294 etiam
1207 3228 1378 3294 domorum
1401 3231 1520 3294 vendi-

466 3337 555 3401 tione
579 3340 613 3400 et
635 3336 749 3421 quieta
771 3334 967 3399 clamatione
991 3334 1082 3400 dicta
1105 3333 1228 3399 Cecilia
1251 3333 1321 3399 filia
1350 3356 1424 3400 mea
1446 3357 1520 3420 per-

465 3423 553 3524 cepit
576 3437 621 3502 vi.
644 3437 716 3501 den.
741 3437 781 3501 de
814 3458 915 3500 manu
939 3435 1070 3522 pmcfati
1094 3435 1242 3513 walteri,
1265 3458 1325 3522 pro
1359 3459 1520 3503 consensu

465 3545 499 3604 et
520 3561 655 3605 assensu
677 3561 743 3604 cuo.
791 3537 883 3602 Idem
915 3559 993 3602 vero
1026 3537 1200 3614 WalteruS,
1234 3537 1287 3602 vel
1322 3538 1521 3624 quicumque

465 3664 525 3731 pro
549 3650 694 3729 tempore
728 3641 976 3706 elemosinarius
1009 3639 1253 3706 Malmeaburiae
1284 3641 1395 3720 suerit,
1426 3642 1522 3708 dabit

466 3746 558 3823 mihi,
592 3751 627 3809 et
660 3743 835 3809 heredibus
869 3743 960 3818 maie,
999 3741 1139 3828 singulis
1176 3743 1282 3820 annis,
1316 3743 1360 3808 ad
1398 3743 1520 3808 festum

468 3847 581 3911 Sancti
605 3844 788 3931 Augustini
810 3844 999 3928 proximum
1035 3847 1110 3929 poet
1144 3843 1265 3908 festum
1301 3843 1416 3910 Sancti
1439 3844 1522 3909 Ald-

468 3947 575 4024 helmi,
600 3968 703 4010 unum
738 3967 798 4031 par
832 3944 1090 4030 cyrothecamm,
1113 3943 1166 4009 vel
1201 3966 1304 4009 unum
1340 3945 1521 4011 denarium.

468 4049 538 4135 Ego
569 4048 682 4132 itaque
715 4045 871 4112 Yoabella
903 4052 938 4112 et
971 4045 1108 4112 heredes
1131 4047 1196 4112 mei
1230 4048 1522 4114 warantizabimus

468 4149 694 4214 elemosinario
726 4147 970 4213 Malmesburiae
1000 4148 1106 4214 dictae
1139 4149 1252 4214 domos
1283 4156 1317 4214 et
1354 4151 1522 4216 redditum

467 4255 719 4339 imperpetuum,
743 4255 857 4316 contra
890 4272 1002 4315 omnes
1036 4250 1185 4316 homines
1217 4255 1252 4316 et
1285 4251 1432 4318 feminas.
1478 4253 1524 4318 Et

468 4360 507 4420 ut
530 4355 600 4420 baec
622 4353 772 4418 venditio
795 4359 830 4417 et
852 4354 966 4438 quieta
988 4352 1142 4418 clamatio
1165 4377 1239 4420 mea
1261 4356 1357 4420 firma
1390 4363 1425 4421 et
1455 4361 1523 4421 ata·

468 4457 543 4522 bilis
566 4461 767 4542 permaneat,
783 4454 869 4521 hanc
891 4461 1015 4520 aarum
1039 4455 1070 4520 ei
1093 4455 1164 4532 feci,
1187 4462 1222 4521 et
1243 4457 1389 4542 sigillum
1412 4479 1523 4522 meum

468 4559 615 4646 apposui.
671 4559 772 4623 Carta
794 4557 895 4622 etiam
926 4557 992 4622 ista
1014 4557 1100 4624 lecta
1122 4559 1188 4622 fuit
1210 4580 1318 4624 coram
1341 4558 1523 4636 hundredo

469 4667 503 4726 et
525 4660 590 4724 hiis
612 4659 721 4726 adhuc
744 4658 893 4736 testibus,
908 4659 1034 4726 'l'homa
1049 4660 1118 4725 filio
1141 4659 1261 4748 Rogeri
1284 4661 1325 4728 de
1344 4661 1525 4740 Saldeford,

469 4769 504 4832 et
525 4761 607 4828 aliia.
