3566 5820
313 2336 333 2386 f.
345 2339 393 2386 22³
405 2335 427 2386 b.

314 4529 350 4581 Ol
361 4528 404 4580 the

485 895 550 962 164
739 907 937 958 erraremus
961 905 1285 958 umursauruuusn

858 1133 940 1207 OAP.
964 1133 1167 1205 OOXOIIII.

499 1272 621 1358 Quieta
646 1273 836 1361 clamantia
861 1273 994 1348 saeuae
1020 1274 1060 1340 cta
1085 1273 1121 1344 lu
1147 1273 1314 1344 Paterae
1336 1271 1377 1338 cta
1401 1228 1515 1340 eultaru

947 1375 1076 1447 bruera.
1177 1419 1180 1426 .

529 1505 643 1572 Sciant
665 1500 843 1591 praesentes
871 1509 905 1570 et
935 1505 1040 1570 futuri
1064 1505 1152 1592 quod
1183 1526 1242 1592 ego
1266 1504 1407 1569 Thomas
1442 1505 1482 1570 de
1504 1504 1537 1569 la

483 1607 649 1686 Posterne,
672 1606 762 1672 filius
784 1607 947 1672 Johannis
971 1609 1011 1672 de
1034 1608 1066 1672 la
1090 1607 1255 1684 Posterne,
1278 1608 1388 1672 remisi
1412 1613 1446 1671 et
1464 1608 1536 1693 qui-

483 1715 574 1776 etum
607 1709 756 1788 clamavi,
787 1731 847 1798 pro
877 1733 930 1774 me
954 1715 988 1774 et
1019 1709 1277 1797 proheredibus
1312 1710 1394 1774 meis
1417 1710 1536 1796 imper·

482 1815 629 1898 potuum,
653 1811 794 1876 dominis
820 1811 902 1876 meis
925 1811 1091 1876 Willelmo
1114 1811 1177 1876 Dei
1207 1809 1316 1898 gratia
1350 1811 1462 1876 abbati
1495 1811 1535 1874 de

484 1911 726 1990 Malmesburia‚
749 1918 783 1977 et
814 1912 960 1997 ejusdem
984 1912 1046 1977 loci
1077 1913 1266 1988 eonventui,
1289 1917 1396 1978 totum
1423 1913 1536 1996 juset

483 2013 638 2081 elamium
661 2016 748 2101 quod
771 2013 875 2080 habui
898 2015 952 2080 vel
979 2015 1210 2100 aliquomodo
1238 2013 1360 2079 habere
1383 2013 1477 2100 potui
1500 2016 1535 2082 iu

483 2116 625 2202 quadam
655 2116 762 2202 plaeie
791 2137 919 2202 magnae
951 2116 1078 2181 brueree
1111 2137 1226 2181 versus
1249 2115 1439 2201 Coregrave,
1463 2137 1536 2200 quae

478 2219 569 2304 jacet
591 2220 679 2284 inter
702 2219 783 2284 duas
806 2219 953 2285 cultures
976 2241 1050 2305 quae
1066 2223 1228 2284 vocantur
1251 2217 1286 2282 la
1306 2217 1487 2304 Kelastapa
1502 2223 1536 2284 et

483 2323 674 2411 Alsyealrape
687 2347 698 2389 .·
729 2323 885 2388 videlieet
908 2324 950 2389 ab
978 2323 1116 2390 australi
1146 2322 1268 2409 angulo
1291 2323 1331 2386 de
1356 2321 1391 2387 lu
1414 2320 1534 2386 Kotes·

482 2425 556 2514 laete
594 2449 652 2513 per
690 2427 856 2512 quandam
899 2419 1039 2491 viridem
1070 2427 1168 2504 viam,
1208 2446 1311 2510 usque
1349 2424 1392 2490 ad
1429 2424 1536 2490 boria-

483 2527 570 2594 lem1
592 2529 751 2616 angulum
783 2529 824 2594 de
858 2527 1048 2616 Ateiaslzalu,
1078 2529 1115 2592 in
1138 2533 1211 2594 tota
1242 2531 1335 2614 parte
1357 2526 1417 2592 illa
1454 2549 1535 2612 prae-

484 2631 580 2698 dictae
612 2633 747 2709 bruerae,
771 2653 846 2717 quae
873 2631 964 2716 jacet
997 2631 1033 2694 in
1067 2631 1219 2696 orientali
1242 2635 1335 2716 parte
1370 2631 1535 2716 praedictae

484 2735 557 2811 vira,
581 2735 669 2799 inter
698 2734 873 2820 praedictas
897 2734 1042 2798 culturas
1072 2755 1176 2818 usque
1208 2732 1243 2798 lu
1266 2731 1476 2820 Brodaurofta
1502 2739 1535 2797 et

483 2833 704 2924 Luuyaerosta
750 2835 874 2899 Ramisi
897 2836 998 2900 etiam
1022 2835 1144 2900 eisdem
1167 2840 1201 2900 et
1223 2835 1372 2920 quietum
1395 2835 1534 2901 clamavi

481 2935 591 3005 'totum
625 2939 681 3024 jus
714 2943 748 3002 et
786 2937 948 3014 clamium,
983 2943 1018 3003 et
1052 2943 1158 3002 totam
1186 2927 1402 3002 ‘communem
1436 2959 1533 3024 quam

483 3042 585 3108 habui
608 3041 645 3104 in
668 3040 703 3105 tn
719 3037 906 3128 Kolceatape,
923 3044 958 3104 et
980 3040 1016 3103 in
1038 3039 1097 3104 illo
1111 3044 1237 3105 essarto
1259 3039 1347 3104 inter
1362 3037 1398 3104 tu
1413 3039 1533 3105 Kotes-

483 3143 556 3232 lrepe
579 3149 614 3209 et
637 3143 673 3208 tu
700 3141 929 3228 Brodeurufte:
954 3141 1003 3209 ita
1026 3143 1114 3227 quod
1145 3163 1206 3208 nee
1238 3163 1298 3228 ego
1324 3163 1385 3208 neu
1415 3142 1538 3228 aliquis

483 3248 641 3313 heredum
668 3245 723 3310 vel
752 3245 995 3331 assignatorum
1027 3265 1174 3310 meorum
1206 3244 1332 3330 aliquid
1359 3245 1446 3331 juris
1480 3244 1533 3310 vel

482 3351 601 3430 elamii,
636 3371 694 3415 seu
726 3347 871 3434 aliquam
910 3369 1126 3425 communem,
1158 3348 1194 3412 in
1233 3347 1391 3434 praedicta
1429 3347 1534 3433 placia

482 3453 648 3538 praedictae
672 3452 807 3528 brumae,
830 3452 884 3516 vel
907 3451 943 3515 in
963 3450 1121 3538 praediuta
1143 3449 1274 3516 eulture
1297 3450 1337 3514 de
1356 3450 1392 3514 lu
1415 3449 1533 3514 Kelea-

482 3555 564 3643 tape,
602 3575 660 3619 seu
692 3555 728 3617 in
759 3557 885 3620 asserto
917 3553 1084 3639 praedicte,
1115 3553 1211 3618 nobis
1248 3552 1422 3618 vendicare
1460 3573 1534 3638 pos-

483 3659 585 3722 simus
607 3657 858 3744 imperpetuum.

528 3759 573 3824 Et
595 3759 632 3824 in
654 3759 881 3824 testimonium
913 3758 1014 3843 hujus
1036 3757 1236 3823 remissionis
1259 3762 1293 3822 et
1325 3757 1446 3842 quietae
1469 3756 1533 3821 ula-

483 3861 618 3928 mantiae
641 3885 723 3927 meae
746 3861 807 3926 hoc
830 3861 988 3946 scriptum
1012 3861 1135 3926 eisdem
1158 3861 1271 3926 abbati
1295 3864 1329 3926 et
1355 3860 1533 3926 conventui

482 3965 553 4042 feei,
578 3969 612 4030 et
634 3963 742 4050 sigillo
764 3985 837 4028 meo
859 3963 998 4050 signavi.

876 4177 956 4242 Oen.
966 4208 969 4213 ·
981 4175 1139 4243 OCXOV.

528 4306 651 4392 Quieta
673 4306 863 4374 ctuuauutiu
885 4303 1020 4473 Βοίενίὶ
1043 4304 1083 4370 de
1105 4303 1302 4392 Bructafetuta
1324 4305 1364 4372 de
1386 4305 1500 4370 eudem

959 4429 1070 4474 ruera.

528 4525 643 4590 Sciant
674 4529 852 4611 praesentes
885 4529 919 4588 et
950 4523 1057 4586 futuri
1090 4524 1178 4606 quod
1212 4543 1272 4608 ego
1298 4521 1463 4588 Reuersus
1493 4523 1533 4587 de

314 4611 391 4646 W·
483 4627 656 4692 Bradefeld
690 4628 807 4704 remisi,
832 4633 864 4692 et
898 4627 1047 4711 quietum
1071 4625 1223 4706 clamavi,
1245 4647 1304 4711 pro
1327 4647 1379 4691 me
1410 4631 1445 4690 el
1475 4648 1534 4711 Pl⁰

925 4827 934 4860 ¹
952 4825 995 4877 sie
1007 4825 1033 4875 in
1045 4824 1102 4879 MS.
