3566 5820
566 901 764 956 rnorsraon
788 900 1111 954 utrumnumuusr.
1300 881 1364 948 187

318 1087 380 1154 hac
402 1093 513 1154 autem
536 1091 752 1165 concessione,
775 1093 809 1154 et
832 1096 871 1154 ut
893 1093 1059 1174 praetextu
1086 1085 1186 1170 hujus
1209 1083 1367 1169 composi-

317 1191 416 1256 tionis
440 1213 506 1277 pax
521 1199 556 1256 ct
578 1191 749 1258 concordia
771 1193 859 1255 inter
882 1212 935 1254 eos
958 1175 1194 1254 inviolabiliter
1218 1187 1382 1274 observo-¹

317 1299 381 1368 tur,
412 1293 545 1379 praefati
568 1295 669 1359 abbas
692 1301 726 1358 et
749 1301 929 1358 conventus
953 1296 1181 1356 concesserunt
1203 1288 1368 1376 praedictis

318 1393 458 1460 Ricardo
481 1402 515 1460 et
537 1395 712 1460 heredibus
735 1397 811 1470 suis,
835 1399 874 1459 ut
896 1417 970 1459 cum
996 1400 1091 1458 terrae
1121 1391 1368 1479 praenominatae

319 1496 498 1563 inbladatae
521 1498 655 1574 fuerint,
679 1504 713 1562 et
736 1497 834 1562 blada
856 1520 877 1561 a
907 1497 1002 1562 terris
1032 1502 1151 1573 adacta,
1175 1495 1311 1560 liberam
1335 1500 1370 1558 et

319 1600 499 1684 plenariam
523 1622 728 1665 comnrunam
754 1601 788 1664 in
811 1585 957 1686 praefatis
988 1601 1083 1664 terris
1114 1621 1181 1663 una
1208 1620 1282 1662 cum
1313 1597 1369 1660 ab·

321 1703 396 1767 bate
430 1712 465 1768 et
499 1705 567 1767 suis
599 1703 795 1780 horninibus,
819 1705 905 1768 sicut
936 1705 1004 1788 ipse
1037 1703 1088 1767 vel
1121 1702 1369 1788 praedecessores

319 1807 370 1870 sui
410 1829 554 1892 unquam
589 1807 705 1870 melius
739 1813 773 1870 et
804 1807 933 1891 plenius
964 1805 1082 1870 habere
1121 1809 1369 1869 consueverunt.

319 1908 482 1974 Praeterea
504 1909 584 1973 dicti
615 1909 716 1973 abbas
751 1915 785 1973 et
819 1913 999 1972 conventus
1030 1910 1258 1972 concesserunt
1287 1927 1370 1990 prac-

321 2010 417 2076 dictis
440 2000 581 2076 Ricardo
613 2017 647 2074 et
677 2010 852 2076 heredibus
886 2010 963 2086 suis,
995 2009 1077 2073 duas
1108 2008 1281 2092 charreyas
1304 2007 1369 2092 spi-

319 2135 434 2178 naum]
458 2113 513 2178 vel
545 2113 683 2179 ramillae
717 2113 806 2198 apud
842 2112 997 2197 Heyham
1021 2111 1075 2176 vel
1098 2109 1210 2176 Totele
1243 2130 1370 2174 annua-

321 2219 381 2281 tim
416 2218 452 2280 in
484 2217 612 2282 duobus
645 2217 796 2282 terminis
827 2215 1005 2292 habendas,
1029 2215 1159 2280 scilicet'
1184 2215 1233 2279 ad'
1250 2212 1369 2277 Natale

321 2341 432 2395 unam,
454 2327 488 2382 et
510 2318 647 2383 alteram
678 2317 721 2382 ad
745 2317 876 2383 Pascha.
924 2317 979 2381 Ita
1008 2315 1133 2381 scilicet
1162 2315 1249 2396 quod
1279 2335 1371 2380 occa·

322 2423 411 2487 sione
435 2421 533 2508 hujus
556 2421 773 2486 concessionis
796 2420 922 2485 nullam
952 2441 1157 2484 communam
1181 2424 1240 2482 aut
1256 2419 1312 2502 jus
1335 2419 1372 2480 in

324 2524 492 2610 praedictis
514 2524 626 2610 gravis
649 2523 713 2588 sibi
730 2525 857 2609 possint
880 2523 1062 2586 vendicare.
1110 2520 1154 2585 Et
1176 2542 1218 2584 ne
1248 2520 1314 2584 ista
1336 2520 1372 2582 in

321 2627 473 2691 recidivae
496 2626 716 2691 contentionis
740 2625 929 2710 scrupulum
953 2624 1073 2688 iterum
1097 2623 1295 2697 relabantur,
1311 2622 1372 2686 hoc

321 2728 560 2816 cyrographum
584 2729 747 2792 intereos
770 2727 956 2793 confectum
980 2716 1038 2802 est,
1062 2731 1097 2790 et
1119 2725 1236 2811 sigillis
1259 2745 1372 2789 eonrm

322 2832 510 2896 alternatim
534 2831 733 2896 roboratum.

704 3071 784 3136 Car.
810 3069 988 3138 cccxlx.

326 3219 431 3287 Ocno
454 3219 584 3288 abbatis
607 3221 782 3288 Jotcuuia
807 3222 903 3308 factu
926 3221 1077 3288 Ricorclo
1101 3223 1140 3289 de
1162 3223 1374 3292 Bremclkrua

678 3323 719 3388 dc
741 3323 890 3409 quodum
907 3331 1016 3410 proto.

371 3459 532 3526 Omnibus
555 3459 680 3527 Christi
704 3461 857 3526 fidelibus
879 3483 1020 3550 praesens
1055 3463 1213 3550 scriptum
1248 3465 1374 3552 inspcc-
1388 3488 1526 3554 archange

324 3565 407 3628 turis
431 3563 483 3628 vel
507 3563 677 3644 audituris,
693 3564 861 3629 Johannes
886 3565 947 3630 Dei
970 3566 1079 3652 gratia
1100 3566 1201 3632 abbas
1225 3568 1376 3634 Malmes-
1389 3555 1525 3672 fflgeff

324 3666 435 3742 buriae,
459 3671 493 3730 et
515 3665 662 3751 ejusdem
684 3667 746 3732 loci
779 3673 969 3746 conventus,
993 3669 1133 3733 salutern
1166 3671 1202 3734 in
1224 3671 1375 3736 Domino.
1388 3689 1461 3739 ritha

326 3767 496 3833 Noveritis
526 3790 585 3833 nos
617 3769 781 3833 communi
812 3792 946 3834 assensu
978 3777 1011 3834 et
1044 3772 1226 3851 voluntate,
1249 3774 1376 3839 dedisse

326 3877 359 3936 et
382 3873 574 3937 concessisse
599 3871 739 3936 Ricardo
762 3873 803 3936 de
825 3872 1037 3937 Brumelham
1055 3881 1090 3938 et
1111 3874 1286 3940 heredibus
1301 3878 1378 3962 suis,

325 3975 378 4038 vel
416 3976 469 4040 cui
507 3975 674 4062 assignare
713 3975 863 4052 voluerit,
897 3977 1062 4060 quoddam
1096 3983 1227 4062 pratum
1252 3981 1291 4045 de
1314 3982 1377 4045 vil·
1390 3990 1408 4040 f.
1421 3997 1478 4041 rsa

326 4078 455 4164 lenagio
477 4082 599 4156 nostro,
635 4075 724 4162 quod
755 4083 888 4162 pratum
921 4085 972 4142 est
1005 4079 1040 4142 in
1063 4079 1311 4160 Abbedesrithc‚
1344 4091 1378 4150 et

326 4179 413 4265 quod
445 4179 641 4264 quandoque
679 4179 843 4264 pertinuit
881 4180 924 4244 ad
956 4180 1047 4246 illam
1081 4183 1243 4269 virgatam
1282 4191 1378 4252 terrae

326 4284 361 4345 in
392 4281 682 4360 Brokeneberewe,
713 4304 812 4368 quam
837 4282 1022 4348 Willelmus
1053 4307 1150 4371 super
1177 4287 1314 4353 Hullam
1337 4291 1378 4354 de

327 4385 419 4449 nobis
455 4386 573 4462 tenuit,
604 4391 638 4451 et
671 4385 714 4450 ad
746 4385 837 4450 illam
856 4369 1025 4472 ‘virgatam
1062 4393 1158 4452 terrac
1190 4411 1288 4475 quam
1320 4392 1377 4457 Jo-

327 4487 451 4551 hanncs
474 4509 573 4573 super
597 4488 732 4552 Hullam
757 4488 797 4552 de
820 4489 914 4552 nobis
936 4489 973 4552 in
993 4490 1108 4554 eadem
1132 4491 1213 4556 villa
1234 4494 1275 4558 de
1298 4495 1378 4560 Bro-

328 4590 541 4654 kcnebercwc
563 4589 680 4668 tenuit,
704 4611 778 4655 cum
810 4591 916 4654 tribus
941 4591 1132 4656 seillonibus
1157 4594 1197 4658 de
1221 4597 1377 4681 praedicto

329 4703 421 4778 prato
460 4693 610 4778 sumptis,
650 4701 684 4758 et
722 4695 752 4758 ei
786 4694 1022 4778 adjacentibus,
1057 4709 1091 4761 ct
1121 4720 1195 4762 cum
1226 4702 1377 4766 omnibus

328 4796 402 4862 aliis
436 4795 656 4884 pertinentiis,
694 4797 731 4860 in
763 4797 961 4863 escambium
993 4799 1164 4885 cujusdam
1201 4803 1288 4889 prati
1326 4807 1379 4872 sui
