3566 5820
542 880 741 932 nncrsrauu
764 881 1089 931 nmnsssuursuss.
1285 864 1350 932 167

287 1093 368 1146 mea,
391 1069 556 1135 dederunt
578 1068 663 1132 mihi
685 1069 835 1154 praedicti
859 1071 962 1136 abbas
984 1078 1019 1136 et
1049 1075 1233 1136 conventus
1264 1091 1347 1158 pree-

288 1171 449 1248 menibus,
473 1170 596 1258 viginti
620 1171 740 1236 solidos
762 1173 901 1256 argenti.

334 1273 378 1338 Et
402 1272 441 1336 in
475 1271 703 1337 testimonium
734 1272 835 1358 hujus
858 1272 1062 1348 redditionis,
1086 1272 1287 1338 remissionis
1311 1278 1346 1337 et

289 1375 410 1460 quietae
433 1374 620 1439 clementiae
643 1395 734 1450 meae,
757 1373 822 1444 hoc
841 1375 1001 1461 seriptum
1025 1375 1147 1442 eisdem
1170 1376 1285 1442 abbati
1309 1379 1343 1438 et

286 1477 464 1542 conventui
487 1475 559 1553 feei,
582 1481 617 1541 et
638 1475 748 1562 sigillo
770 1499 843 1543 meo
867 1477 1004 1564 signavi.

657 1768 736 1835 aar.
761 1769 976 1837 cuxovln.

304 1935 407 2002 dorla
431 1934 611 2001 Oleumetis
634 1933 801 2021 [Sperne]
827 1934 867 2000 de
890 1939 1073 1999 temerante
1096 1955 1158 2000 suo
1182 1940 1212 1998 et
1234 1939 1325 2000 terre

592 2035 722 2100 arabili
744 2035 788 2100 ira
809 2035 1038 2120 Brolcioaberp.

333 2197 448 2264 Sciant
469 2201 648 2284 praesentes
666 2203 701 2262 et
723 2197 831 2262 futuri
854 2198 942 2282 quod
966 2219 1026 2283 ego
1042 2197 1193 2264 Clemens
1210 2197 1480 2284 spraranciano

289 2299 330 2365 de
354 2299 586 2366 Malmesburia
618 2299 703 2375 dedi,
726 2300 878 2375 concessi,
902 2305 937 2364 et
969 2299 1031 2366 hac
1063 2301 1219 2385 praesenti
1250 2305 1341 2366 carte
1354 2276 1469 2409 gfff

290 2423 363 2468 mee
392 2401 593 2478 confirmavi,
628 2400 698 2466 Deo
712 2441 716 2449 ·
730 2407 766 2465 et
797 2400 940 2467 ecclesiae
974 2401 1064 2466 beati
1098 2401 1265 2468 Aldhelmi
1299 2403 1370 2474 def.
1383 2425 1469 2476 aare.

290 2504 532 2579 Melmesburia,
555 2509 589 2568 et
612 2502 778 2569 Willelmo
808 2503 931 2580 abbati,
954 2509 989 2568 et
1019 2504 1187 2569 monachis
1217 2504 1340 2570 ibidem

288 2603 359 2672 Deo
381 2606 611 2682 servientibus,
635 2606 670 2669 in
692 2627 810 2692 puram
834 2611 868 2670 et
891 2612 1086 2691 perpetuam
1118 2606 1339 2684 elemosinam,

287 2712 395 2773 totum
411 2713 638 2774 tenementum
654 2706 742 2791 quod
764 2705 866 2770 habui
890 2708 927 2770 in
943 2709 1089 2772 manerio
1113 2707 1153 2772 de
1173 2708 1342 2774 Brokene-

289 2810 425 2886 berewe,
448 2831 522 2875 cum
553 2809 705 2873 omnibus
727 2809 938 2894 pertinentiis
968 2810 1056 2888 suis;
1080 2809 1243 2886 videlieet,
1266 2832 1341 2876 cum

289 2921 361 2978 tote
397 2919 485 2977 term
521 2911 648 2989 arabili,
689 2912 885 2987 tenentibus,
925 2917 960 2975 et
997 2933 1109 2976 eorum
1147 2911 1340 2989 redditibus,

289 3015 434 3080 serviciis
457 3020 492 3079 et
516 3013 678 3090 domibus,
701 3010 905 3098 curtillsgiis
929 3013 1052 3089 orestis,
1076 3016 1187 3099 pratis,
1210 3016 1339 3100 pascuis

290 3126 324 3183 et
354 3119 505 3204 pasturis,
539 3123 574 3181 et
604 3138 680 3183 cum
714 3121 809 3202 prato
843 3117 884 3180 de
918 3117 1164 3204 Baggebrugge,
1194 3124 1231 3182 et
1264 3139 1339 3184 eum

290 3219 441 3285 omnibus
478 3218 553 3282 aliis
589 3218 695 3294 rebus,
728 3216 948 3294 libertatibus,
983 3224 1018 3282 et
1055 3218 1167 3282 liberis
1206 3241 1339 3284 consue·

288 3322 469 3397 tudinibus,
501 3321 543 3386 ed
579 3320 771 3405 praedictum
811 3325 1036 3385 tenementum
1074 3320 1339 3407 pertinentibus:

287 3424 475 3490 habendum
513 3429 548 3487 et
585 3422 765 3510 tenendum
801 3428 909 3488 totum
943 3423 1139 3509 praedictum
1171 3429 1339 3490 tenemen-

288 3533 367 3604 tum,
402 3548 477 3592 eum
512 3529 585 3591 tota
619 3531 706 3590 terra.
739 3525 866 3602 arabili,
898 3531 933 3590 et
968 3524 1120 3591 omnibus
1149 3527 1225 3592 aliis
1255 3549 1339 3614 prae-

288 3629 473 3706 nominatis,
512 3633 547 3691 et
595 3627 747 3692 omnibus
797 3626 1007 3713 pertinentiis
1058 3627 1134 3704 suis,
1173 3627 1340 3715 praedictis

289 3731 401 3796 abbati
433 3735 468 3795 et
501 3729 677 3796 conventui
713 3735 747 3796 et
779 3751 890 3795 eorum
913 3729 1159 3806 suecessoribus,
1183 3730 1283 3796 libere
1307 3736 1341 3796 et

289 3835 407 3920 quiete,
431 3833 559 3922 integre
590 3837 624 3897 et
654 3831 795 3919 pacifice,
820 3833 1085 3920 imperpetuum,
1108 3833 1258 3900 faciendo
1283 3834 1339 3899 do·

289 3937 379 4003 mino
402 3935 488 4001 leodi
512 3935 553 4000 de
584 3934 742 4022 praedicto
773 3940 961 4001 tenemento
992 3935 1166 4002 servicium
1190 3935 1340 4000 debitum

291 4047 325 4106 et
347 4043 547 4107 consuetum.

335 4143 379 4208 Et
401 4165 461 4230 ego
485 4142 646 4220 Clemens,
669 4147 704 4206 et
737 4141 873 4207 heredes
899 4141 973 4220 mei,
998 4147 1108 4207 totum
1143 4141 1343 4228 praedictum

287 4251 521 4321 tenementum,
545 4265 620 4310 curn
644 4249 715 4308 tota
749 4248 837 4308 terra
860 4242 988 4319 arabili,
1012 4243 1203 4308 tenentibus
1227 4249 1261 4308 et
1286 4263 1340 4308 ee·

289 4369 362 4412 rum
385 4345 569 4412 redditibus
592 4350 627 4410 et
644 4341 798 4421 serviciis,
815 4343 975 4422 domibus,
999 4344 1204 4432 cartillagiis,
1219 4345 1340 4422 eroftis,

287 4451 399 4538 pratis,
423 4449 551 4537 pascuis
574 4453 608 4512 et
635 4447 787 4534 pasturis,
815 4469 890 4513 eum
921 4452 1017 4534 prato
1040 4447 1080 4512 de
1104 4447 1357 4535 Baggebrigge,

287 4559 419 4620 etcum
442 4551 593 4618 omnibus
616 4551 690 4616 aliis
713 4551 818 4628 rebus,
842 4550 1053 4615 libertatibus
1076 4555 1110 4614 et
1130 4549 1242 4615 liberis
1265 4571 1341 4616 con·

287 4655 529 4730 suetudinibua,
552 4655 595 4719 ud
630 4654 823 4739 praedictum
855 4658 1082 4718 tenementum
1110 4652 1341 4739 aliquomodo

287 4756 539 4846 pertinentibus,
562 4755 728 4841 praedietis
751 4753 864 4820 abbati
888 4759 923 4818 et
953 4753 1141 4829 couventui,
1164 4759 1198 4818 et
1229 4775 1342 4820 eorum
