3566 5820
585 906 783 955 ursmarum
807 905 1130 954 uanumamuausu.
1316 885 1381 954 12⁷

757 1105 835 1170 Car.
861 1104 985 1171 CCLX.

332 1219 380 1286 De
403 1219 501 1286 ὥοπιο
517 1241 591 1306 qaae
607 1219 684 1306 fait
706 1217 867 1285 Nioboloi
891 1219 968 1285 Oooi
992 1225 1112 1285 contro
1134 1219 1170 1283 la
1184 1219 1385 1285 Brodestooe

766 1323 809 1388 io
831 1321 949 1386 Eatrel.

377 1435 540 1502 Omnibus
563 1437 689 1503 Ohn'sti
715 1435 869 1501 fidelibus
901 1456 1045 1521 praesens
1079 1435 1239 1522 seriptum
1261 1436 1382 1500 visuris
1396 1439 1541 1491 Grentofa

333 1538 384 1602 vel
422 1539 595 1616 audituris,
634 1539 791 1626 magister
829 1537 1011 1602 Nieholaus
1051 1537 1091 1603 de
1139 1538 1381 1616 Malmesburia‚
1394 1507 1481 1557 hm
1539 1548 1542 1554 '

330 1645 436 1706 rector
458 1640 601 1707 eeclesiae
624 1642 665 1706 de
689 1639 964 1715 Oristemaleford,
991 1638 1132 1704 salutem
1167 1645 1324 1706 aeternam
1346 1641 1384 1706 in

331 1741 481 1812 Domino.
537 1743 681 1808 Noverit
710 1741 909 1808 universitas
939 1747 1058 1819 vestra,
1090 1763 1142 1808 me
1180 1763 1239 1827 pro
1278 1742 1385 1808 salute

330 1845 450 1911 animae
481 1867 572 1924 meae,
595 1852 629 1912 et
660 1845 780 1911 animae
811 1843 965 1909 Oristinae
1000 1845 1113 1909 amitae
1146 1865 1236 1922 meae,
1260 1851 1296 1910 et
1326 1867 1386 1931 pro

330 1947 503 2012 animabus
525 1948 631 2034 patris
654 1953 689 2012 et
711 1947 827 2012 matris
850 1967 942 2023 meae,
966 1950 1000 2011 et
1033 1945 1207 2011 animabus
1239 1952 1386 2014 anteces-

331 2069 439 2114 sorum
463 2055 497 2114 et
519 2071 740 2116 suoeessorum
771 2069 929 2124 meorum,
963 2047 1099 2127 dedisse,
1123 2051 1328 2127 concessisse,
1351 2056 1386 2115 et

330 2150 391 2216 hao
420 2153 576 2237 praesenti
611 2158 703 2218 carta
734 2173 809 2216 mea
841 2149 1058 2228 confirmasse,
1095 2149 1167 2215 Deo
1202 2156 1237 2216 et
1271 2152 1384 2218 Beatae

330 2252 453 2330 Mariae,
486 2253 694 2340 eeclesiaeque
729 2253 825 2319 Beati
860 2250 1030 2316 Aldhelmi
1065 2251 1318 2331 Malmesburiae,
1352 2257 1386 2318 et

331 2353 463 2420 domino
485 2355 600 2420 abbati
623 2361 658 2420 et
680 2355 861 2421 conventui
885 2354 1031 2439 ejusdem
1056 2352 1127 2431 looi,
1151 2354 1188 2418 in
1210 2376 1328 2439 puram
1351 2360 1387 2420 et

330 2461 523 2543 perpetuam
557 2457 777 2535 elemosinam,
801 2457 936 2523 domum
958 2477 1066 2522 meam
1090 2477 1164 2520 cum
1187 2457 1386 2542 emtillagio,

330 2578 404 2642 quae
426 2557 493 2623 luit
514 2555 693 2644 aliquando
717 2558 872 2625 Nioholai
896 2557 974 2623 Coei
991 2557 1046 2620 avi
1064 2558 1138 2633 mei,
1160 2579 1260 2642 quam
1282 2558 1386 2624 habui

330 2681 372 2724 ex
395 2659 482 2726 dono
504 2659 659 2728 Oristinae
681 2661 793 2727 amitae
817 2683 907 2738 meae,
931 2659 974 2724 ad
1001 2658 1256 2724 inhabitandum
1279 2660 1385 2747 capel-

328 2759 441 2825 lanum
465 2783 584 2839 meum,
609 2763 667 2848 qui
689 2762 870 2828 celebrabit
892 2761 929 2826 in
959 2761 1109 2826 carnario
1132 2761 1385 2838 Malmesburiae,

329 2885 388 2948 pro
425 2865 599 2931 animabus
636 2867 741 2952 patn's
780 2871 814 2931 et
852 2864 968 2930 matris
1006 2884 1097 2940 meae,
1136 2870 1171 2928 et
1209 2885 1268 2949 pro
1313 2865 1385 2929 ani-

329 2965 446 3032 mabus
492 2969 641 3033 omnium
690 2968 838 3034 fidelium
886 2967 1125 3043 destinatorum,
1179 2987 1276 3051 quem
1322 2967 1387 3052 ipsi

329 3068 566 3134 sustentabunt
604 3070 791 3156 sumptibus
822 3069 899 3146 suis,
937 3088 996 3153 pro
1027 3071 1116 3132 terra
1150 3067 1191 3132 de
1227 3067 1386 3133 Foweles-

329 3168 437 3254 wyke,
461 3192 560 3256 quam
584 3171 631 3236 eis
654 3172 731 3237 dedi
762 3172 798 3235 in
822 3194 939 3258 puram
972 3181 1008 3239 et
1042 3175 1235 3256 perpetuam
1267 3170 1385 3235 elemo-

328 3272 453 3352 sinam3
485 3275 662 3340 tenendam
686 3280 720 3338 et
760 3274 947 3340 habendam
987 3275 1027 3343 de
1060 3297 1113 3339 me
1145 3278 1179 3338 et
1210 3273 1386 3338 heredibus

328 3375 410 3440 meis
432 3375 497 3440 sibi
520 3382 555 3441 et
577 3369 819 3442 suecessoribus
842 3379 918 3454 auis,
942 3380 1053 3454 libere,
1081 3377 1200 3462 quiete,
1236 3375 1327 3454 bene,
1351 3382 1383 3441 et

328 3477 365 3541 in
398 3499 487 3563 paee,
520 3479 556 3542 in
580 3501 697 3564 puram
730 3485 765 3544 et
803 3487 998 3566 perpetuam
1037 3479 1256 3546 elemosinam.
1315 3479 1385 3565 Ego

329 3599 406 3644 vero
430 3584 464 3645 et
486 3579 624 3646 heredes
646 3583 711 3646 mei
735 3582 927 3668 praedictam
944 3585 1077 3648 domum
1101 3603 1176 3646 oum
1199 3580 1386 3668 curtillagio

328 3684 363 3743 et
385 3680 539 3746 omnibus
561 3681 637 3748 aliis
660 3683 871 3769 pertinentiis
903 3685 973 3748 suis
1005 3683 1171 3770 praedietis
1205 3683 1319 3748 abbati
1351 3689 1386 3749 et

328 3783 507 3847 eonventui
530 3790 645 3850 eontra
668 3807 780 3850 omnes
803 3787 958 3851 mortales
989 3787 1231 3872 imperpetuum
1256 3807 1387 3852 waran-

328 3882 512 3950 tiaabimus.

372 3984 418 4051 Et
441 3989 480 4051 ut
502 3986 573 4052 haee
595 4009 669 4053 mea
685 3988 820 4054 donatio
843 3993 877 4055 et
900 3990 1064 4056 concessio
1087 4009 1161 4053 mea
1175 3990 1271 4056 firma
1286 3993 1331 4057 sit
1351 3998 1386 4058 et

226 4141 231 4150 .
327 4087 457 4153 stabilis
480 4089 732 4175 imperpetuum,
756 4092 843 4156 hano
873 4098 1069 4178 praesentem
1104 4096 1229 4157 cartam
1261 4095 1384 4159 eisdem

328 4188 399 4266 feci,
422 4194 457 4255 et
479 4211 552 4256 eam
575 4191 683 4278 sigillo
706 4214 778 4258 meo
801 4193 940 4280 signavi.
1348 4195 1352 4200 ’

730 4357 810 4422 ΟΑΡ.
835 4357 978 4423 COLXI.

328 4480 376 4546 De
407 4489 499 4548 terro
536 4483 576 4549 de
603 4483 808 4550 Foaleswilee
841 4507 992 4552 cormeaao
1024 4490 1188 4575 magistro
1219 4489 1382 4558 Nioholao

448 4585 489 4651 de
511 4587 760 4654 allaloaoabusio
783 4611 887 4674 osque
912 4590 959 4656 ud
981 4591 1112 4676 vipiati
1134 4615 1253 4660 annos.

373 4722 545 4791 Universis
568 4727 693 4793 Christi
716 4728 870 4794 fidelibus
892 4752 1035 4816 praesens
1065 4735 1223 4819 scriptum
1259 4737 1380 4802 visuris
1394 4746 1516 4798 Granios

328 4827 381 4892 vel
396 4829 570 4908 audituris,
593 4829 778 4896 Willelmus
799 4831 862 4898 Dei
884 4833 994 4920 gratia
1008 4834 1110 4900 abbas
1128 4835 1380 4917 Malmesburiae‚
1391 4815 1497 4932 Ιὲζῇζξ
