3566 5820
557 915 756 967 neorsmuu
779 915 1101 968 unnunssuemusn
1298 895 1361 962 128

704 1159 785 1227 One.
809 1156 973 1226 OOLVII.

304 1299 408 1364 cavea
431 1297 633 1366 Ionoeeooie'
656 1297 696 1364 de
719 1297 913 1365 Olwlewrthe
936 1298 976 1364 de
1002 1297 1114 1365 tribus
1140 1298 1232 1364 aeris
1258 1303 1363 1366 temoe.

346 1435 462 1501 Sciant
498 1441 676 1522 praesentes
710 1441 744 1502 et
778 1436 883 1501 futuri
919 1436 1007 1521 quod
1040 1457 1100 1522 ego
1136 1435 1361 1510 Innocencius
1377 1437 1501 1490 Gnaeos

303 1537 391 1601 filius
423 1538 573 1624 magistri
607 1537 742 1604 ruomae
778 1539 819 1603 ue
852 1537 1061 1623 oberrewrpe,
1093 1538 1179 1626 seui,
1211 1537 1364 1616 consess,
1377 1506 1456 1622 ξξζξξ,

305 1646 339 1705 et
360 1640 423 1705 hae
445 1641 601 1726 prsesenti
625 1647 717 1707 certe
739 1663 813 1706 mea
843 1641 1037 1707 confirmavi
1060 1641 1132 1706 Deo
1164 1645 1198 1706 et
1221 1640 1364 1706 eoelesiae

305 1742 403 1807 Beati
434 1742 603 1807 Aldhelmi
634 1743 674 1807 de
702 1743 946 1820 Melmesburia‚
977 1749 1012 1808 et
1042 1741 1209 1807 Willeimo
1241 1741 1364 1817 abbati,

305 1851 340 1910 et
362 1844 531 1908 moneohis
554 1845 678 1909 ibidem
701 1843 772 1909 Deo
802 1845 1033 1920 servientibus,
1057 1850 1123 1909 tres
1154 1864 1246 1909 sores
1269 1851 1364 1908 terrae

306 1968 388 2011 mese
418 1946 566 2024 arabiles,
590 1947 626 2010 in
656 1967 773 2032 eampo
805 1947 845 2012 de
877 1946 1100 2034 Chollewrpe;
1131 1946 1206 2011 illes
1240 1945 1365 2011 scilieet

305 2055 373 2113 tres
394 2067 497 2125 neres,
517 2069 592 2133 quse
615 2053 775 2114 vocentur
798 2047 833 2112 lu
855 2046 1058 2125 Sanmite,
1077 2049 1179 2132 juxte
1200 2047 1363 2114 culturam

307 2150 398 2215 illem
421 2169 496 2235 quae
520 2154 656 2215 voestur
678 2149 714 2213 lo
742 2149 947 2226 Wodelmede
978 2151 1021 2214 ad
1051 2156 1149 2236 onput
1183 2149 1273 2213 illius
1296 2149 1364 2214 oul-

308 2259 393 2318 turae
416 2273 530 2317 versus
552 2251 772 2318 occidentem:
795 2252 963 2316 habendes
986 2257 1021 2316 et
1043 2252 1211 2330 tenendos,
1228 2252 1365 2338 praedio-

308 2361 361 2422 tes
383 2360 450 2420 tres
472 2375 564 2420 seres
587 2359 682 2420 terrae
713 2375 788 2420 oum
812 2355 1030 2440 pertinentiis,
1061 2353 1228 2439 praediotis
1250 2353 1364 2420 abbsti

310 2463 344 2522 et
374 2457 552 2522 conventui
583 2463 617 2521 et
647 2477 759 2522 eorum
790 2456 1038 2534 successoribus,
1061 2456 1163 2522 libere
1187 2461 1222 2520 et
1245 2456 1365 2541 quiete,

311 2561 438 2646 integre
460 2564 494 2624 et
509 2558 651 2644 peeifioe,
668 2559 918 2645 imperpetuum.
958 2558 1021 2623 Pro
1044 2558 1107 2624 heo
1128 2563 1240 2623 eutem
1263 2559 1365 2623 dona·

312 2663 402 2726 tione
425 2666 459 2727 et
481 2662 687 2727 concessione
703 2683 785 2738 mee,
802 2661 965 2726 dederunt
980 2660 1063 2724 mihi
1087 2660 1236 2746 praedioti
1261 2660 1363 2726 ebbos

311 2768 346 2827 et
375 2767 558 2827 conventus
590 2762 713 2847 viginti
747 2762 868 2827 solidos
901 2761 1165 2847 sterlinguorum.
1228 2761 1272 2825 Et
1305 2782 1365 2847 ego

313 2863 528 2930 Innocentius
552 2869 585 2928 et
607 2862 744 2928 heredes
767 2864 832 2928 mei
855 2863 1030 2949 praediotes
1055 2869 1121 2927 tres
1144 2882 1236 2926 aeres
1259 2868 1363 2937 terrae,

313 2988 386 3032 eum
425 2967 644 3052 pertinentiis,
684 2966 850 3052 praedictis
888 2965 1002 3030 ebbsti
1041 2970 1076 3029 et
1113 2965 1292 3030 conventui
1330 2969 1365 3028 et

314 3091 425 3135 eorum
463 3069 699 3134 suecessoribus
731 3073 846 3133 contre
880 3089 991 3132 omnes
1024 3067 1176 3132 mor-teies
1209 3069 1363 3134 warenti-

314 3173 470 3249 zabimus,
492 3172 753 3257 acquietabimus
775 3176 810 3235 et
832 3171 1052 3236 defendemus.

359 3275 404 3340 Et
426 3280 466 3339 ut
488 3273 559 3340 haeo
581 3294 655 3339 mes
677 3273 812 3339 donatio
835 3277 870 3338 et
891 3273 1054 3338 concessio
1076 3270 1177 3337 robur
1200 3273 1366 3358 perpetui-

314 3379 394 3444 tatis
416 3377 598 3463 optineant,
622 3376 708 3441 benc
741 3381 867 3441 eertum
899 3395 1006 3440 meem
1041 3375 1163 3440 eisdem
1195 3374 1310 3439 ebbnti
1333 3379 1368 3440 et

314 3481 493 3546 conventui
516 3479 577 3545 feei
600 3484 635 3545 et
658 3478 766 3565 sigillo
789 3499 862 3542 meo
885 3478 1024 3564 signavi.

697 3715 779 3785 Otr.
802 3716 987 3784 CCLVIII.

318 3859 421 3925 Oaros
441 3857 603 3944 empturi
626 3855 787 4024 Nietolpi
809 3855 1119 4024 fflffoebma
1141 3856 1181 3922 de
1212 3863 1303 3923 terea
1326 3857 1367 3924 de

766 3981 812 4024 oet
942 4007 948 4020 .

361 4099 477 4168 Sciant
498 4103 676 4186 praesentes
699 4104 733 4164 et
755 4099 863 4164 futuri
897 4099 985 4185 quod
1019 4119 1080 4185 ego
1116 4099 1273 4187 magister
1307 4101 1505 4167 Ni-Grmtot

317 4202 450 4268 oholeus
487 4202 529 4266 de
567 4199 801 4266 Mulmesburie
832 4200 918 4276 dedi,
940 4201 1091 4278 concessi,
1115 4206 1149 4266 et
1187 4200 1249 4267 heo
1287 4183 1508 4299 Pfaeffli„

318 4306 403 4369 senti
425 4309 517 4370 certe
539 4323 613 4367 mee
634 4302 835 4379 oonfirmevi‚
851 4300 922 4366 Deo
945 4306 980 4366 et
1002 4301 1145 4368 eoelesiee
1167 4303 1263 4368 Beati
1286 4305 1530 4370 Ald-insowtes-

316 4405 417 4471 belmi
440 4405 481 4470 de
504 4403 746 4480 Mnlmesburie‚
769 4409 802 4468 et
818 4401 982 4468 Willelmo
1005 4402 1127 4480 ebbeti,
1143 4408 1178 4468 et
1200 4383 1490 4511 monechisffl'b.

318 4508 441 4574 ibidem
463 4506 536 4572 Deo
558 4505 787 4583 servientibus,
809 4506 846 4569 in
876 4503 1023 4582 liberem,
1054 4525 1171 4590 puram
1194 4511 1229 4571 et
1251 4529 1367 4595 perpe-

319 4617 411 4676 tuam
441 4609 661 4686 elemosinam,
684 4629 743 4694 pro
775 4607 882 4672 seluto
913 4607 1034 4672 enimse
1070 4627 1152 4674 mese
1184 4613 1220 4672 et
1247 4611 1368 4676 enimae

319 4712 455 4778 Roberti
489 4711 530 4775 de
570 4708 743 4786 evesham,
766 4714 800 4773 et
837 4707 1012 4774 animabus
1048 4709 1153 4795 petris
1185 4715 1221 4776 et
1252 4713 1368 4778 metris

319 4834 400 4880 meae
431 4818 467 4877 et
497 4811 645 4882 omnium
676 4809 824 4880 fidelium
851 4809 1090 4889 defunctorum,
1112 4813 1218 4878 utam
1244 4817 1367 4880 tenum
