3578 5808
436 829 479 894 66
690 839 888 889 anmsrurm
912 837 1234 888 naunnssumrrsr.

437 1027 610 1104 confectas,
633 1027 674 1092 de
697 1027 854 1113 pensione
886 1046 998 1090 annua
1020 1025 1077 1089 vii.
1101 1024 1157 1089 sol.
1180 1025 1314 1090 nomina
1347 1025 1488 1090 duarum

437 1129 583 1214 partium
606 1129 782 1214 garbarum
806 1129 846 1193 de
870 1128 1004 1195 decimis
1028 1127 1177 1213 praedicti
1201 1127 1318 1191 militis
1348 1131 1382 1192 et
1418 1147 1489 1191 suc-

438 1251 600 1296 cessorum
625 1253 759 1297 suorum
791 1231 832 1296 de
866 1231 1029 1295 dominico
1064 1230 1105 1293 de
1129 1229 1351 1316 Lamihangel,
1386 1230 1429 1294 ab
1451 1249 1489 1293 eo

438 1334 495 1418 qui
520 1333 625 1398 dictas
648 1334 790 1398 decimas
811 1354 871 1419 pro
894 1340 1040 1417 ternpore
1064 1330 1226 1408 habuerit,
1248 1333 1488 1417 imperpetuum

439 1434 476 1498 in
497 1435 581 1500 festo
605 1435 720 1500 Sancti
744 1433 923 1510 Michaelis,
947 1433 1060 1498 abbati
1084 1439 1118 1497 et
1134 1433 1311 1498 conventui
1336 1433 1489 1498 Madmes·

439 1537 544 1602 buriae
579 1537 743 1602 solvenda.
812 1536 975 1622 Inspectis
1013 1535 1148 1600 insimul
1187 1535 1489 1602 confirmationibus

439 1640 678 1705 venerabilium
701 1640 843 1705 fratrum
867 1638 909 1702 H.
933 1640 998 1725 piae
1020 1639 1195 1716 memoriae,
1215 1644 1250 1704 et
1274 1637 1323 1704 W.
1347 1639 1490 1716 secundi,

440 1741 544 1806 Land'
582 1743 815 1828 episcoporum,
854 1741 1129 1827 praedecessorum
1167 1746 1362 1817 nostrorum,
1393 1762 1491 1826 super

440 1844 607 1930 praedictis
642 1844 755 1908 abbati
779 1849 813 1907 et
847 1843 1026 1908 conventui
1050 1842 1294 1906 Malmesburiae
1325 1843 1490 1920 confectis,

440 1947 630 2031 pensionem
661 1951 695 2011 et
726 1945 867 2011 decimas
901 1946 1082 2032 praedictas,
1106 1945 1177 2010 Deo
1211 1951 1245 2010 et
1277 1944 1418 2012 ccclesiae
1451 1946 1491 2011 de

442 2047 675 2112 Malmesburia
698 2047 734 2110 in
768 2069 846 2110 usus
879 2047 1027 2133 proprios
1058 2047 1290 2132 perpendimus
1324 2069 1393 2112 esse
1416 2069 1491 2112 con-

441 2152 626 2216 vertendas.
686 2150 730 2214 Et
763 2150 919 2234 quoniam
952 2150 1021 2214 dies
1056 2150 1132 2214 maii
1168 2156 1256 2228 sunt,
1279 2155 1313 2216 et
1346 2149 1491 2217 humana

442 2252 573 2318 malicia
611 2253 646 2316 in
685 2252 832 2316 virorum
870 2250 1096 2337 religiosorum
1130 2253 1305 2337 pernicicm
1339 2254 1493 2321 atrociter

442 2355 638 2441 conjuravit,
672 2376 713 2418 ne
748 2355 845 2418 dictis
880 2353 993 2419 abbati
1017 2359 1051 2418 et
1085 2356 1264 2420 conventui
1296 2377 1394 2442 snper
1427 2358 1492 2422 hiis

442 2459 548 2544 possit
589 2457 630 2522 iis
667 2457 828 2534 suscitari,
860 2463 920 2522 aut
957 2459 1082 2523 occasio
1120 2460 1357 2537 controversiae,
1388 2460 1493 2526 dictes

443 2560 593 2636 decimas,
622 2559 822 2644 pensionem,
848 2559 1091 2645 proprietatem,
1115 2567 1149 2624 et
1178 2560 1342 2626 diutinam
1380 2583 1493 2627 eorum

441 2661 686 2746 possessionem,
710 2660 781 2724 Deo
804 2666 839 2725 et
868 2661 1009 2726 ccclesiae
1033 2661 1074 2726 dc
1097 2661 1338 2740 Mahnesburia,
1362 2686 1436 2749 quae
1460 2667 1495 2730 in

442 2763 630 2849 hospitibus
653 2763 827 2828 caritative
851 2762 1087 2848 recolligendis
1111 2769 1145 2828 et
1174 2765 1210 2828 in
1240 2765 1315 2830 aliis
1341 2768 1494 2851 operibus

443 2866 675 2931 misericordiae
698 2865 834 2930 celebris
857 2887 926 2930 esse
949 2866 1139 2943 dinoscitur,
1163 2869 1361 2934 auctoritate
1383 2871 1493 2954 ponti-

444 2967 531 3033 ficali
554 2967 804 3046 confirmamus;
827 2967 925 3032 etad
949 2973 1115 3054 perpetuae
1138 2967 1305 3034 firmitatis
1339 2973 1494 3038 securita-

444 3075 512 3136 tem
553 3069 639 3134 hanc
676 3075 800 3134 cartam
838 3071 1011 3155 praesentis
1049 3071 1164 3155 scripti
1203 3073 1285 3136 scric
1323 3078 1357 3137 et
1394 3074 1494 3160 sigilli

444 3173 549 3237 nostri
572 3172 771 3257 pontificalis
793 3173 1005 3257 impressione
1021 3173 1255 3238 roboravimus.
1303 3175 1379 3241 Hiis
1403 3178 1494 3242 testi-

445 3276 515 3351 bus,
540 3279 599 3339 eto.

871 3500 950 3566 Car.
974 3499 1071 3568 CCX.

719 3661 763 3726 De
786 3662 927 3729 decimis
949 3664 989 3729 de
1011 3665 1108 3732 Novo
1129 3667 1230 3733 Villa.

492 3816 655 3882 Omnibus
679 3814 805 3881 Christi
828 3816 981 3880 fidelibus
1003 3818 1045 3882 ad
1069 3840 1150 3903 quos
1172 3841 1315 3905 praesens
1337 3822 1495 3907 scriptum

446 3917 643 4004 pervenerit,
668 3917 702 3980 E.
727 3915 843 3980 divina
866 3917 1075 3983 miseratione
1099 3919 1200 3984 Land’
1217 3920 1359 3987 ecclesiae
1384 3923 1496 3988 minis·

446 4028 498 4084 ter
521 4019 664 4095 humilis,
689 4024 846 4083 aeternam
864 4019 899 4082 in
915 4019 1058 4085 Domino
1074 4021 1222 4087 salutem.
1269 4023 1323 4087 Ad
1339 4025 1497 4088 universi-

447 4123 528 4187 tatis
551 4127 670 4185 vestrae
692 4121 850 4184 noticiam
885 4122 1038 4185 volumus
1072 4125 1253 4208 pervenire,
1277 4145 1336 4189 nos
1370 4147 1498 4190 conces·

446 4225 526 4289 sisse
550 4224 684 4288 domino
700 4222 813 4289 abbati
830 4227 865 4287 et
887 4225 1065 4288 conventui
1087 4226 1338 4304 Malmesburiae,
1358 4233 1397 4292 ut
1422 4251 1496 4294 cum

446 4325 620 4411 Philippus
644 4325 684 4389 de
708 4325 908 4410 anrewent
932 4325 1068 4390 clericus
1090 4329 1180 4394 viam
1202 4330 1365 4394 universae
1392 4332 1497 4396 carnis

446 4427 612 4511 ingressus
635 4425 747 4502 fuerit,
771 4425 906 4490 decimae
940 4425 980 4490 de
1013 4427 1176 4494 dominico
1212 4430 1337 4494 domini
1369 4432 1497 4496 comitis

446 4527 627 4593 Hereforde
650 4529 687 4591 in
703 4527 735 4592 N
738 4551 801 4593 ova
824 4529 914 4594 Villa
935 4531 1122 4616 pertinente
1140 4533 1183 4598 ad
1206 4533 1382 4612 Coldicote‚
1401 4541 1435 4600 et
1456 4535 1496 4600 de

446 4630 611 4696 dominico
634 4629 775 4695 dominae
799 4629 921 4716 Lucyae
945 4631 986 4696 de
1009 4632 1189 4700 Hereforde
1213 4635 1249 4699 in
1272 4635 1386 4702 eadem
1410 4637 1497 4716 villa,

446 4753 528 4820 quas
550 4732 659 4797 dictus
682 4731 855 4818 Philippus
878 4733 919 4798 de
942 4735 1063 4801 abbate
1089 4742 1124 4804 ct
1155 4743 1322 4805 conventu
1344 4738 1483 4806 Malmes
