3578 5808
551 915 747 966 eremmon
771 913 1093 965 manumeomanss.
1305 895 1348 965 57

296 1107 407 1168 nostro
432 1103 469 1166 in
493 1106 729 1168 taetamffltum
753 1101 847 1168 dedit
868 1102 922 1167 vel
944 1101 1136 1188 assignavit,
1158 1099 1347 1166 habendum

297 1211 330 1272 et
356 1206 537 1272 tenendum
567 1206 688 1271 sibiet
718 1204 894 1272 heredibus
917 1205 995 1283 suis,
1019 1205 1059 1270 dc
1093 1203 1188 1270 nobis
1211 1208 1246 1270 et
1277 1223 1349 1268 suc·

296 1309 476 1375 sessoribus
513 1309 634 1376 nostris
671 1309 923 1394 impe1petuum,
955 1307 1056 1373 libere
1093 1312 1129 1372 et
1166 1306 1277 1391 quiete
1315 1309 1349 1369 et

296 1412 438 1498 pacifice,
469 1413 512 1479 ab
543 1412 633 1478 omni
665 1411 811 1488 servicio,
834 1410 1013 1488 exactione,
1037 1414 1072 1476 et
1103 1407 1350 1475 consuetudini·

298 1515 358 1580 bue
379 1515 424 1581 ad
446 1535 506 1580 nos
528 1519 563 1580 et
580 1535 778 1582 successores
801 1517 930 1578 nostros
950 1511 1193 1599 pertinentibus
1216 1509 1349 1576 nomine

298 1617 458 1704 burgagii,
492 1616 583 1684 salvo
617 1615 755 1683 servicio
787 1615 913 1682 domini
946 1614 1051 1702 regis;
1073 1612 1239 1680 reddendo
1272 1611 1349 1676 inde

297 1719 470 1786 annuatim
502 1718 687 1787 sacristario
718 1724 840 1785 nossa
863 1717 1006 1785 ccclesiae
1037 1716 1119 1782 duos
1153 1715 1283 1792 solidos,
1305 1715 1349 1780 ad

297 1821 379 1888 duos
413 1821 569 1888 terminos
601 1821 701 1902 anni3
731 1820 863 1899 scilicet,
898 1820 941 1886 ad
974 1819 1098 1886 festum
1133 1817 1247 1886 Sancti
1280 1818 1349 1882 An-

297 1923 383 1990 dreoe
407 1924 464 1992 xii.
487 1923 647 2002 denarios,
670 1928 705 1990 ct
735 1924 779 1990 ad
808 1923 930 1990 festum
954 1921 1068 1990 Sancti
1101 1921 1270 1988 Aldhelmi
1292 1921 1349 1986 xii.

298 2025 456 2094 denarios.
514 2027 569 2093 Ita
603 2027 736 2113 quidem
776 2027 863 2112 quod
894 2027 1039 2104 sacrista
1063 2026 1260 2112 quicumque
1290 2047 1350 2111 pro

298 2134 444 2216 tempore
476 2129 586 2206 fuerit,
609 2129 814 2215 acquietabit
844 2128 971 2195 dictum
1006 2127 1205 2194 Nicholaum
1227 2132 1262 2193 et
1293 2126 1350 2192 hc·

297 2230 389 2297 redes
410 2253 487 2298 euos
512 2231 554 2300 de
578 2253 637 2297 sex
660 2231 802 2298 denariis
825 2252 906 2317 quos
929 2230 1037 2297 solvet
1059 2230 1174 2296 abbati
1196 2229 1350 2295 Malmes·

298 2335 408 2414 buriae,
435 2334 471 2400 in
501 2334 645 2401 crastino
677 2333 791 2401 Sancti
822 2333 992 2400 Aldhelmi
1022 2333 1155 2399 nomine
1187 2332 1347 2419 burgagii.

299 2435 335 2502 Si
350 2457 427 2502 vero
450 2436 558 2504 dictus
574 2435 765 2516 Nicholaus,
780 2436 834 2502 vel
856 2435 992 2502 heredes
1009 2436 1069 2514 sui,
1089 2437 1144 2502 vel
1166 2435 1287 2522 aliquis
1307 2435 1348 2498 dc

298 2545 496 2626 manupastu
526 2560 594 2619 suo,
621 2539 657 2603 in
683 2539 795 2626 aliquo
821 2538 1022 2616 forisfecerit,
1045 2561 1104 2626 per
1125 2539 1230 2626 legale
1257 2538 1348 2624 judi-

297 2642 383 2707 cium
395 2642 431 2706 in
446 2642 537 2708 curia
552 2647 665 2708 nostra
679 2642 878 2708 tractabitur
893 2647 927 2707 et
943 2665 1094 2709 excessus
1110 2641 1347 2708 emendabitur.

298 2743 394 2809 Hanc
416 2744 519 2830 igitur
541 2744 753 2809 donationem
778 2750 812 2809 et
835 2745 1073 2811 concessionem
1096 2740 1243 2810 nostram
1265 2765 1349 2831 prae-
1362 2759 1379 2812 f.
1395 2761 1440 2812 197
1453 2759 1475 2810 t.

298 2846 385 2912 dicto
408 2846 569 2912 Nicbolao
592 2851 627 2911 ct
648 2846 825 2912 heredibus
848 2847 915 2912 suis
934 2853 1048 2914 contra
1067 2869 1178 2914 omnes
1201 2847 1349 2913 homines

299 2949 595 3016 warantizabimus.
642 2949 719 3013 Hiis
742 2949 892 3029 testibus,
916 2956 975 3016 etc.

701 3190 780 3257 Gar.
806 3190 946 3258 CCIIII.

299 3343 347 3410 Da
369 3340 509 3410 decimis
531 3340 570 3410 cb
585 3341 682 3409 Nova
695 3341 848 3421 adtacta
864 3341 963 3430 feodo
986 3342 1119 3411 comitis
1141 3341 1350 3432 Hcrefordicc

707 3443 751 3511 a‘o
774 3444 949 3514 Oaldccotc.

342 3587 516 3656 Universis
539 3585 664 3653 Christi
688 3587 841 3654 fidelibus
856 3589 900 3655 ad
922 3609 1003 3676 quos
1025 3611 1168 3676 praesens
1190 3591 1350 3680 scriptum
1363 3607 1440 3658 mehe
1451 3606 1479 3658 in

298 3691 493 3780 pervenerit,
517 3689 703 3756 Willelmus
725 3691 895 3771 secundus,
919 3690 1034 3760 divina
1055 3694 1241 3781 provisione
1264 3695 1350 3763 Lan-
1363 3675 1504 3728 Nemean.

300 3795 451 3862 davensis
467 3795 648 3882 episcopua,
664 3795 805 3862 salutem
822 3800 857 3861 et
878 3795 1149 3866 benedictionem
1186 3797 1351 3880 Quoniam

298 3897 389 3965 facta
408 3898 600 3965 mortalium
622 3897 838 3984 temporalem
860 3904 989 3966 motum
1004 3906 1196 3987 sequuntur,
1212 3907 1247 3968 et
1268 3901 1351 3968 obli-

298 4001 407 4066 vionis
436 4001 603 4087 jacturam
638 4000 798 4079 sentiunt,
827 4001 892 4067 nisi
915 4002 1086 4088 scripturae
1118 4004 1276 4072 beneficio
1309 4008 1352 4074 ad

297 4103 488 4170 memoriam
510 4102 682 4169 hominum
705 4103 911 4187 reducantur,
926 4105 970 4172 ad
984 4106 1212 4174 universitatis
1234 4113 1353 4176 vestrae

297 4206 455 4272 noticiam
486 4205 640 4302 volumus
670 4207 852 4292 pervenire,
889 4228 949 4274 nos
982 4208 1025 4274 ad
1058 4210 1253 4296 petitionem
1287 4213 1352 4277 viri

298 4307 497 4374 venerabilis
519 4307 551 4375 J.
567 4307 632 4374 Dei
654 4309 763 4395 gratia
785 4310 916 4376 abbatis
941 4311 1185 4379 Malmeaburiae
1207 4318 1243 4380 et
1265 4315 1352 4401 ejus·

298 4411 374 4476 dem
396 4411 459 4478 loci
482 4417 673 4490 conventus,
696 4416 822 4478 cartam
856 4413 982 4480 domini
1013 4415 1150 4482 Henrici
1183 4417 1224 4482 de
1247 4417 1351 4495 Boun,

298 4514 428 4581 comitis
452 4514 643 4592 Hereiorde,
667 4515 708 4580 de
731 4515 908 4583 donatione
931 4516 1131 4584 decimarum
1154 4540 1288 4586 suarum
1311 4521 1351 4585 de

298 4615 463 4682 dominico
486 4637 546 4682 suo
569 4617 610 4682 de
633 4615 731 4682 Nova
753 4617 843 4696 villa,
859 4619 899 4683 de
921 4619 1015 4686 feodo
1031 4641 1090 4686 suo
1113 4621 1154 4686 de
1170 4621 1353 4700 Oaldecote,

297 4725 336 4783 et
357 4719 510 4807 Philippo
534 4719 662 4797 Martel,
686 4719 726 4785 de
750 4720 905 4806 pensione
934 4744 1047 4788 annua
1077 4724 1133 4790 vii.
1165 4723 1352 4802 solidorum,

297 4821 433 4887 nomine
448 4821 650 4889 decimarum
674 4823 715 4888 dc
738 4823 902 4889 dominico
925 4846 984 4890 suo
1007 4825 1048 4890 de
1070 4827 1230 4912 praedicta
1253 4827 1353 4895 Nova
