3566 5820
473 902 535 966 166
723 913 921 963 ussrsrauu
945 913 1266 964 uacuussumssss.

472 1103 508 1166 in
545 1107 617 1166 tota
655 1107 743 1165 terra
780 1100 838 1164 illa
872 1121 946 1185 quae
984 1097 1162 1183 aliquando
1199 1097 1350 1184 praedicti
1384 1095 1522 1161 Walteri

472 1204 576 1288 patris
599 1203 664 1266 mei
695 1202 730 1265 in
763 1201 843 1265 villa
873 1202 914 1265 de
946 1201 1102 1278 Piritonc,
1124 1222 1199 1265 cum
1224 1199 1385 1275 domibus,
1407 1197 1521 1264 curtil-

474 1305 578 1391 lagiis
602 1304 724 1379 croitis,
748 1304 859 1390 pratis
883 1303 1020 1389 pascuis,
1043 1309 1077 1367 ot
1111 1302 1262 1388 pasturis,
1285 1308 1320 1366 et
1351 1323 1425 1368 cum
1455 1321 1523 1364 om-

475 1405 573 1470 nibus
596 1405 670 1469 aliis
693 1406 789 1469 rebus
819 1404 861 1468 ad
896 1404 1087 1489 praedictam
1123 1409 1243 1468 terram
1274 1401 1521 1488 pertinentibus.

476 1508 530 1572 Ita
552 1507 638 1592 quod
663 1529 723 1571 noc
745 1529 814 1592 ego,
839 1527 898 1570 nec
925 1505 1046 1591 aliquis
1076 1505 1234 1572 heredum
1258 1505 1312 1570 vel
1343 1505 1524 1590 assignato·

475 1633 548 1674 rum
584 1631 738 1686 meorum,
773 1609 907 1694 aliquod
937 1609 993 1693 jus
1027 1609 1080 1674 vel
1115 1608 1270 1677 elamium
1302 1609 1337 1672 in
1368 1605 1525 1693 praedicta

476 1719 572 1790 terra,
595 1717 655 1776 aut
677 1710 843 1796 aliquibus
867 1711 937 1795 ejus
968 1711 1188 1796 pertinentiis,
1203 1709 1298 1775 nobis
1322 1709 1524 1794 inposterum

477 1814 651 1879 vendicare
674 1813 843 1899 possimus.

522 1915 567 1980 Et
589 1917 624 1979 in
656 1915 881 1979 testimonium
911 1915 1012 2000 hujus
1034 1915 1233 1979 remissionis
1263 1920 1298 1978 et
1319 1913 1441 2000 quietes
1463 1912 1526 1978 ela·

478 2020 612 2084 mantiae
646 2019 708 2084 hoo
741 2018 901 2104 seriptum
933 2019 1038 2083 eidem
1073 2019 1218 2084 Hemico
1251 2017 1322 2092 feci,
1354 2021 1389 2082 et
1419 2013 1526 2102 sigillo

478 2142 550 2185 meo
572 2121 709 2206 signavi.

852 2421 932 2488 CAP.
956 2419 1152 2488 CCXCVII.

526 2587 648 2668 Quieto
670 2585 861 2652 clementio
883 2585 1032 2651 Ricurcli
1055 2585 1095 2651 cle
1120 2583 1249 2652 Keociu
1273 2583 1312 2650 dc
1334 2583 1482 2670 quodam

780 2687 952 2773 uwauaoio
974 2688 1017 2752 io
1039 2687 1221 2754 Burneuol.

312 2865 461 2928 Quitcuim
524 2853 638 2932 Sciant
661 2860 838 2939 praesentes
862 2859 896 2918 et
918 2855 1023 2918 futuri
1048 2853 1137 2939 quod
1168 2875 1228 2939 ego
1251 2852 1412 2918 Ricardus
1440 2852 1527 2916 filius

311 2933 466 3050 fflffffid
480 2957 612 3022 Ricardi
636 2957 676 3021 de
700 2957 826 3022 Kencia
850 2957 987 3032 reddidi,
1010 2957 1120 3020 remisi
1144 2960 1178 3019 et
1208 2957 1359 3040 quietum
1381 2954 1527 3029 clamavi,

479 3081 537 3144 pro
575 3081 626 3123 me
667 3065 701 3122 et
747 3059 923 3123 heredibus
964 3063 999 3122 ct
1048 3058 1223 3142 assignatis
1269 3058 1360 3134 meis
1398 3057 1528 3122 domino

480 3160 645 3226 Willelmo
669 3161 782 3224 abbati
806 3167 840 3224 et
870 3161 1048 3224 conventui
1080 3159 1121 3222 de
1147 3159 1390 3236 Malmesburia,
1412 3159 1529 3245 imper-

480 3270 625 3348 petuum,
649 3268 757 3328 totum
778 3262 833 3346 jus
857 3267 891 3325 et
913 3261 1068 3325 clamium
1091 3263 1178 3346 quod
1201 3260 1312 3336 habui,
1337 3260 1390 3326 vel
1420 3261 1528 3345 aliquo

431 3437 442 3444 Π
479 3365 577 3429 modo
611 3364 730 3428 habere
762 3363 864 3448 potui,
889 3363 925 3426 in
953 3362 1095 3447 quodam
1130 3362 1297 3448 mesuagio
1320 3384 1395 3429 cum
1418 3361 1529 3428 curtil-

480 3466 576 3552 lagio,
600 3470 634 3528 et
663 3465 737 3529 aliis
767 3465 976 3550 pertinentiis
1006 3465 1083 3540 suis,
1105 3465 1170 3530 sito
1199 3467 1236 3530 in
1262 3464 1420 3531 suburbio
1443 3465 1530 3530 villse

484 3568 724 3634 llalmesburiee
755 3569 791 3632 in
830 3568 1027 3653 Westeport,
1065 3569 1100 3631 in
1139 3567 1282 3654 quadam
1313 3575 1419 3634 strata
1457 3590 1530 3654 quae

482 3670 648 3736 Burneval
686 3669 880 3757 appellatur,
919 3671 1005 3734 inter
1049 3672 1255 3757 mesuagium
1295 3671 1464 3758 Radulphi
1501 3671 1531 3735 le

482 3774 576 3860 Long
597 3778 632 3836 et
654 3771 857 3857 mesuagium
882 3772 1047 3856 quondam
1071 3773 1221 3840 Cervasii
1245 3773 1275 3840 le
1299 3773 1432 3840 Taillur.
1479 3775 1532 3840 Ita

483 3876 571 3962 quod
600 3896 660 3940 nec
683 3897 751 3960 ege,
774 3895 834 3939 nec
864 3872 983 3959 aliquis
1001 3874 1174 3940 ·he1edum
1205 3877 1259 3940 vel
1292 3877 1532 3964 assignatorum

483 4000 638 4052 meorum,
660 3975 794 4062 aliquod
820 3975 876 4058 jus
899 3975 952 4040 vel
975 3975 1130 4042 elamium
1153 3977 1190 4042 in
1219 3979 1378 4066 praedicto
1408 4000 1533 4044 mesua-

482 4082 546 4168 gio,
569 4103 643 4145 cum
676 4078 861 4164 curtillagio
895 4083 929 4143 ct
967 4078 1041 4144 aliis
1071 4081 1282 4166 pertinentiis
1313 4083 1391 4158 suis,
1423 4083 1533 4169 aliquo

483 4188 630 4267 tempore
652 4180 748 4244 nobis
771 4179 945 4244 vendicare
969 4180 1149 4266 possimus;
1178 4183 1236 4247 sed
1258 4184 1410 4268 praedicti
1432 4185 1533 4251 abbas

485 4291 519 4349 et
542 4289 731 4359 conventus
755 4289 789 4347 et
812 4306 924 4348 eorum
947 4305 1153 4362 successores,
1171 4284 1317 4352 habeant
1339 4292 1374 4352 et
1399 4293 1533 4356 teneant

486 4393 591 4451 totum
620 4386 814 4471 praedictum
844 4387 1055 4472 mesuagium,
1079 4410 1154 4453 cum
1185 4389 1338 4454 omnibus
1368 4387 1533 4478 pertinen·

486 4489 542 4552 tiis
577 4489 654 4564 suis,
687 4488 774 4552 sicut
808 4488 1002 4573 praedictum
1038 4496 1095 4566 est,
1131 4490 1272 4556 liberum
1310 4501 1345 4558 et
1376 4495 1534 4579 quietum,

487 4593 556 4658 sinc
590 4592 701 4676 aliqua
735 4591 990 4658 contradictione
1021 4599 1082 4659 aut
1113 4595 1344 4662 reclamatione
1376 4599 1449 4677 mei,
1483 4599 1535 4666 vel

487 4693 643 4760 heredum
667 4693 720 4758 vel
741 4693 981 4778 assignatorum
1005 4717 1159 4774 meorum,
1182 4699 1433 4786 imperpetuum.
1474 4702 1535 4768 Pro

488 4794 550 4862 hae
572 4802 683 4861 autem
716 4795 908 4872 redditione,
932 4797 1120 4864 remissione
1151 4805 1186 4864 et
1216 4801 1330 4886 quieta
1359 4801 1537 4872 clamantia
