3578 5808
552 944 751 996 naorsrnuu
775 939 1101 996 ninnesauernusn
1317 927 1359 992 85

299 1131 415 1200 ventui
437 1135 472 1196 et
486 1131 724 1198 successoribus
739 1127 870 1219 porum,
894 1131 947 1196 vel
971 1151 1082 1196 eorum
1110 1130 1293 1218 assignetis,
1318 1133 1358 1198 de
1482 1162 1485 1170 r

298 1234 455 1321 praedicto
487 1233 621 1300 domino
643 1233 792 1301 Waltero
822 1232 863 1298 de
894 1233 1094 1300 Dunstevile
1119 1238 1153 1298 et
1183 1233 1359 1300 heredibus

299 1337 375 1414 suis,
399 1336 500 1401 libere
523 1341 558 1400 et
581 1336 701 1422 quiete,
725 1336 852 1422 integre
876 1339 911 1400 et
932 1335 1066 1420 pacifice
1097 1336 1357 1422 imperpetuum:

299 1438 464 1504 reddendo
495 1438 573 1502 inde
603 1437 778 1503 annuatim
802 1437 960 1523 praedicto
991 1438 1124 1502 domino
1147 1436 1294 1504 Waltero
1324 1445 1359 1504 et

298 1539 473 1605 heredibus
487 1539 556 1604 suis
573 1545 715 1624 quatuor
730 1538 861 1616 solidos,
873 1538 984 1604 decem
1001 1539 1151 1604 denarios
1167 1545 1201 1604 et
1216 1541 1357 1618 obolum,

298 1647 332 1707 et
354 1663 455 1708 unam
485 1641 605 1707 libram
640 1643 772 1728 cymini,
807 1642 850 1706 ad
872 1641 997 1708 festum
1032 1641 1146 1708 Sancti
1179 1641 1357 1720 Michaelis,

299 1766 357 1832 pro
391 1751 462 1811 toto
491 1749 682 1811 tenemento
716 1744 964 1832 praenominato,
999 1765 1058 1829 pro
1090 1743 1179 1808 omni
1211 1744 1358 1822 servicio,

298 1847 435 1914 seculari
457 1848 629 1914 exactione
652 1853 686 1913 et
710 1847 879 1914 demanda.
935 1847 980 1910 Et
1008 1853 1046 1911 ut
1068 1846 1139 1912 haec
1161 1868 1234 1910 mea
1257 1848 1356 1912 dona·

299 1949 347 2014 tio
369 1956 404 2014 et
440 1950 602 2016 concessio
644 1950 744 2014 robur
790 1947 1023 2035 perpetuitatis
1069 1947 1249 2034 optineant,
1272 1948 1358 2015 hanc

299 2057 423 2117 cartam
445 2051 568 2118 eisdem
590 2050 705 2116 abbati
727 2057 763 2116 et
792 2051 971 2118 conventui
993 2049 1065 2127 feci,
1088 2055 1123 2117 et
1144 2049 1252 2136 sigillo
1284 2073 1357 2117 meo

298 2153 436 2242 signavi.
483 2155 560 2219 Hiis
583 2154 737 2231 testibus,
760 2158 819 2220 etc.

678 2408 758 2476 Ono.
783 2405 982 2474 CCXXVII.

302 2558 521 2648 Confirmatio
558 2557 695 2626 Wolteri
726 2559 766 2626 cic
796 2559 1027 2625 Dunstunvitc
1058 2559 1097 2626 de
1127 2559 1238 2627 codem
1268 2567 1354 2628 tene-

789 2669 909 2728 mento.

344 2803 459 2870 Sciant
490 2811 667 2890 praesentes
702 2807 736 2868 et
767 2803 873 2868 futuri
908 2803 996 2890 quod
1029 2825 1089 2890 ogo
1109 2803 1279 2868 Walterus
1313 2805 1353 2869 de
1367 2825 1507 2876 Confirma-

299 2906 521 2974 Dunstanviie
550 2906 701 2986 concessi,
737 2911 771 2972 et
808 2903 870 2972 hcc
908 2906 1064 2992 praesenti
1087 2906 1207 2991 scripto
1238 2907 1353 2973 confir.
1367 2891 1421 2941 5⁰¹1
1431 2892 1460 2942 of
1469 2892 1511 2942 the

300 3009 398 3086 mevi,
422 3031 481 3096 pro
504 3030 556 3074 me
579 3015 614 3074 et
635 3031 696 3095 pro
718 3007 894 3073 heredibus
917 3007 997 3072 meis
1020 3008 1271 3094 imperpetuum,
1285 2973 1443 3075 Deosame.

300 3115 334 3176 et
356 3112 498 3178 ecclcsiae
529 3111 619 3177 beati
644 3110 812 3174 Aidhelmi
836 3111 876 3174 de
911 3109 1153 3187 Malmesburia,
1178 3117 1212 3176 et
1241 3111 1356 3177 abbati

301 3219 336 3280 et
356 3213 525 3280 monachis
540 3212 664 3278 ibidem
680 3212 751 3278 Deo
774 3212 1004 3289 servientibus
1028 3217 1135 3278 totum
1158 3212 1242 3276 iilud
1265 3219 1351 3280 tene-

301 3321 449 3381 mentum
472 3315 560 3401 quod
583 3320 634 3381 est
657 3315 697 3380 de
728 3313 823 3380 feodo
853 3336 926 3380 meo
952 3315 989 3378 in
1019 3313 1165 3393 Oolerne,
1190 3337 1264 3380 cum
1288 3337 1355 3380 om-

300 3417 398 3482 nibus
419 3417 631 3505 pertinentiis
665 3417 742 3494 suis,
765 3416 855 3502 quod
887 3417 1052 3482 Rcbertus
1086 3417 1174 3482 filius
1197 3416 1357 3483 Willelmi

301 3519 331 3585 le
354 3519 530 3588 Seneschal
553 3520 593 3585 de
618 3517 755 3584 Colerne
778 3519 825 3583 eis
848 3519 949 3600 dedit,
974 3524 1008 3584 et
1038 3525 1128 3586 carta
1158 3541 1218 3584 sua
1240 3520 1355 3586 confir-

301 3623 415 3703 mavit,
437 3628 537 3710 prout
569 3629 660 3690 carta
693 3622 797 3709 ipsius
831 3622 969 3688 Roberti
1001 3623 1041 3687 de
1073 3623 1231 3708 praedioto
1265 3627 1356 3689 tene·

301 3732 411 3792 mento
434 3724 506 3793 est¹
521 3727 677 3802 confecta,
692 3725 829 3810 plenius,
846 3724 963 3790 melius
984 3729 1019 3789 et
1039 3724 1174 3791 liberius
1198 3731 1356 3792 testatur:

301 3826 489 3894 habendum
512 3833 547 3893 et
561 3828 743 3894 tenendum
759 3827 800 3892 de
815 3848 868 3892 me
891 3832 926 3892 et
947 3825 1121 3893 heredibus
1144 3828 1225 3892 meis
1249 3832 1478 3907 totumf,20⁶1‚,

302 3931 495 4016 praedictum
526 3934 762 4006 tenementum,
793 3950 868 3995 cum
903 3929 1043 4006 dotibus,
1074 3929 1232 4009 domibus,
1257 3932 1356 3995 curti-

302 4031 405 4119 lagiis,
421 4032 541 4110 croftis,
556 4033 671 4118 pratis,
689 4031 820 4118 pascuis
843 4035 877 4096 et
899 4031 1052 4118 pasturis,
1068 4031 1197 4109 wardis,
1216 4032 1356 4110 releviis,

302 4131 445 4214 heristis,
467 4134 636 4212 eschaetis,
660 4132 860 4210 tenentibus,
882 4133 1075 4210 redditibus,
1098 4139 1229 4200 etcum
1252 4135 1357 4199 omni-

303 4235 364 4302 bus
385 4237 460 4302 aliis
482 4238 588 4317 rebus,
612 4236 831 4316 libertatibus,
853 4236 964 4303 liberis
995 4237 1295 4315 consuetudinibus,
1315 4237 1357 4302 ad

301 4339 496 4425 praedictum
511 4345 739 4406 tenementum
761 4337 873 4426 aliquo
895 4338 993 4404 modo
1007 4339 1258 4426 pertinentibus,
1274 4360 1357 4426 pree-

303 4440 400 4506 dictis
422 4441 535 4508 abbati
559 4448 593 4507 et
615 4442 804 4520 conventui,
828 4447 862 4506 et
891 4442 1129 4508 successoribus
1159 4463 1280 4519 eorum,
1303 4441 1358 4506 vel

303 4542 423 4627 quibus
457 4541 542 4608 illud
573 4548 810 4622 tenementum,
833 4543 868 4608 in
900 4549 971 4611 toto
995 4543 1049 4609 vel
1082 4544 1118 4608 in
1149 4550 1251 4632 parte,
1282 4566 1357 4610 cum

302 4645 454 4712 omnibus
489 4647 702 4736 pertinentiis
738 4646 807 4712 suis
842 4651 876 4712 et
913 4647 1064 4712 omnibus
1102 4645 1358 4732 praenominatis,

313 4803 435 4814 —·---—

783 4893 790 4926 ¹
809 4893 860 4946 Sic.
890 4953 891 4958 Ἰ
