3578 5808
548 853 1094 925 uuorsruuununnusnunmusn.
1303 845 1345 908 15

567 1113 569 1118 ’
704 1114 784 1181 Cur.
810 1111 930 1180 CLIII.

291 1309 514 1398 Confirmatio
536 1311 684 1398 episcopi
712 1307 957 1396 Wiqormioosc's
978 1332 1081 1397 super
1110 1332 1235 1378 amnuo
1261 1332 1346 1398 poo-

551 1414 644 1480 siomc
666 1412 804 1480 ecclosioe
822 1413 867 1479 ‘de
889 1411 1085 1500 Schuptooc.

335 1566 498 1632 Omnibus
521 1565 564 1630 od
587 1585 669 1650 quos
692 1585 836 1650 praesens
867 1565 1026 1651 scriptum
1059 1566 1255 1651 pervenerit,
1279 1567 1344 1632 Ro·
1358 1579 1500 1633 Confirma-

289 1690 386 1754 gerus
413 1668 476 1736 Dei
509 1668 617 1754 gmtic
640 1667 893 1754 Wygorniensis
926 1667 1097 1754 episcopus
1130 1669 1270 1734 sulutem
1309 1669 1345 1734 in
1357 1647 1453 1779 {ffig
1460 1649 1505 1764 ξιξ

289 1771 440 1836 Domino.
486 1769 629 1836 Noverit
652 1770 850 1835 universitas
871 1774 983 1835 vestro
1005 1770 1091 1855 quod
1115 1791 1190 1834 cum
1213 1791 1273 1857 pro
1295 1793 1344 1837 re·
1358 1780 1509 1834 Woroestsr.

288 1872 460 1938 formando
482 1892 562 1958 poce
586 1871 675 1937 inter
697 1871 882 1936 Robertum
914 1870 1068 1936 abbatem
1101 1871 1344 1939 Moimesburioe

289 1979 323 2038 et
353 1973 513 2060 quosdam
552 1973 592 2038 de
630 1972 789 2038 frutribus
824 1972 904 2056 ejus,
942 1973 984 2036 de
1022 1973 1179 2038 mandato
1218 1973 1344 2040 domini

287 2097 382 2161 popm
404 2075 596 2153 Alexandri,
624 2075 714 2162 opud
748 2074 1016 2141 Mclmesburiam
1050 2096 1126 2140 cum
1164 2077 1345 2142 venerabili

286 2176 387 2242 fratre
400 2181 515 2242 nostro
530 2175 762 2241 Bartholomeo
786 2175 1007 2242 Oxoniensis¹
1031 2176 1244 2253 venissemus,
1266 2200 1344 2265 sup·

287 2278 425 2365 plicavit
446 2278 542 2343 nobis
560 2279 632 2364 jum
663 2278 772 2342 dictus
803 2278 913 2356 obbas,
946 2283 986 2343 ut
1017 2279 1207 2364 pensionem
1232 2301 1262 2345 x.
1286 2280 1343 2346 sol.

286 2401 386 2466 quem
408 2379 445 2443 in
467 2379 602 2446 ecclesia
624 2378 665 2444 de
697 2378 900 2465 Shippetone
935 2379 1069 2445 ecclesio
1101 2378 1343 2447 Malmesburiae

285 2481 498 2566 abantiquo,
522 2481 609 2548 siout
642 2480 740 2545 multi
764 2486 928 2566 provectae
963 2482 1073 2546 aetetis
1105 2502 1214 2548 coram
1247 2482 1343 2548 nobis

285 2584 399 2648 testati
434 2587 521 2659 sunt,
553 2582 715 2647 habuerat
749 2587 784 2647 et
816 2582 971 2659 habebut,
1001 2584 1197 2649 auctoritate
1230 2592 1343 2652 nostru

284 2685 556 2751 confirmaremus.
603 2683 673 2750 Nos
697 2706 774 2750 vero
804 2685 875 2770 jem
907 2686 989 2751 dicti
1021 2686 1146 2750 domini
1179 2685 1283 2752 Oxon.
1309 2695 1343 2754 et

284 2787 424 2852 sistrum
458 2787 687 2852 universorum
722 2785 965 2852 Mulmesburiae
996 2788 1147 2873 precibus
1183 2789 1342 2868 inclinati,

284 2893 319 2953 et
352 2889 499 2953 virorum
532 2889 758 2974 religiosorum
781 2889 840 2973 qui
871 2889 925 2953 hio
956 2890 1159 2954 unanimiter
1191 2891 1240 2955 ito
1273 2913 1342 2956 esse

283 2991 474 3056 asserebant
527 2991 718 3056 testimonio
766 2991 905 3068 inducti,
954 2991 1026 3076 jum
1084 2991 1206 3057 dictam
1262 3009 1374 3080 pen-I.
1387 3014 1443 3062 18⁴.

283 3093 409 3158 sionem
442 3115 472 3156 x.
506 3092 562 3157 soi
600 3093 643 3156 ab
681 3093 817 3158 ecclesia
851 3093 892 3157 de
930 3092 1135 3178 Shippetone
1167 3096 1340 3160 annuatim

282 3193 537 3280 percipiendam,
586 3193 700 3260 abbati
752 3193 793 3258 (le
839 3193 1073 3258 Melmeshurio
1112 3202 1156 3259 'et
1200 3197 1342 3264 ecclesiae

282 3297 532 3376 confirmamus3
564 3301 603 3361 ut
636 3296 824 3382 quicunque
858 3296 963 3381 ipsam
996 3297 1164 3362 ecclesiam
1196 3301 1341 3365 tenuerit

282 3393 472 3486 pensionem
495 3399 619 3464 dictam
642 3399 713 3462 siue
744 3395 938 3462 difficultate
970 3403 1004 3463 et
1038 3399 1258 3464 diminutione
1290 3424 1341 3467 ec·

282 3501 389 3566 clesiae
413 3500 656 3566 Malmesburise
679 3498 853 3585 persolvat.
902 3499 997 3579 Quod
1014 3505 1053 3564 ut
1074 3504 1184 3565 ratum
1200 3509 1340 3581 maneat,

282 3603 382 3689 sigilli
405 3602 510 3666 nostri
534 3601 746 3687 impressione
776 3601 900 3664 muniri
923 3602 1162 3668 mundavimus.
1218 3605 1341 3670 Actum

282 3707 318 3770 in
341 3704 487 3791 capitulo
521 3705 562 3770 de
596 3703 833 3768 Malmesburio
855 3724 964 3768 corum
999 3703 1064 3768 hiis
1087 3705 1248 3771 testibus:
1271 3709 1340 3773 Au-

280 3807 415 3896 gustino
432 3806 628 3872 Watreford’
643 3805 802 3892 episcopo,
819 3803 945 3871 Thomu
960 3805 1081 3872 abbate
1097 3807 1138 3872 de
1153 3807 1264 3894 Hyde,
1280 3814 1339 3877 otc.

697 4019 778 4088 One.
801 4018 915 4086 CLIV.

593 4171 818 4258 Ooofiromtio
840 4171 880 4238 dc
901 4172 1024 4240 eodem.
1088 4203 1090 4206 ·

323 4327 500 4394 Universis
537 4331 660 4392 sanctos
693 4326 810 4391 metris
848 4325 991 4393 ecclesiae
1025 4327 1103 4392 filiis
1129 4328 1164 4393 in
1196 4351 1336 4414 quorum
1350 4360 1492 4414 commu

274 4451 396 4495 munus
418 4429 591 4516 proesentis
614 4429 729 4514 scripti
752 4429 874 4514 pagina
896 4431 1092 4516 pervenerit,
1116 4431 1159 4496 H.
1176 4431 1239 4497 Dei
1262 4455 1335 4519 gre-
1348 4426 1445 4545 ms

274 4533 328 4598 tio
352 4531 602 4618 Wygomionsis
629 4531 808 4617 opiscopus
823 4531 963 4597 sulutem
998 4533 1033 4596 in
1067 4531 1218 4634 Domino.
1265 4535 1334 4600 No-

721 4779 891 4840 ¹SoinMS.
