3526 5810
557 913 754 963 arorsnaun
778 913 1100 964 urrumeuarmvsa.
1289 899 1353 962 219

304 1101 470 1169 laboribus
501 1111 656 1190 parcatur
677 1105 823 1190 partium
855 1110 889 1168 et
915 1104 1077 1189 expensis,
1100 1104 1137 1167 in
1166 1101 1229 1168 hac
1251 1104 1356 1168 forma

305 1207 530 1284 amicabiliter,
569 1209 708 1294 praefato
742 1207 855 1292 judice
896 1208 986 1271 inter
1023 1213 1133 1292 partes
1172 1207 1354 1282 ordinante,

304 1309 501 1393 conquievit.
549 1309 646 1388 Quod
661 1309 846 1395 praedictus
870 1308 1001 1385 scilicet,
1021 1314 1127 1393 rector
1149 1308 1290 1374 ecclesiae
1314 1309 1355 1372 de

306 1409 494 1475 Somertord
532 1411 675 1476 Maudut
704 1411 818 1476 abbati
852 1416 887 1474 et
918 1412 1096 1476 conventui
1129 1411 1169 1474 de
1203 1409 1355 1474 Malmes-

305 1512 400 1577 buria
430 1513 512 1576 duaa
543 1514 645 1578 libras
667 1535 749 1579 cerae
774 1535 902 1578 annuas
933 1515 969 1577 in
1000 1513 1084 1577 festo
1113 1513 1356 1577 Purificationis

304 1613 417 1680 Beatae
444 1615 569 1692 Mariae,
601 1617 671 1680 sine
703 1616 961 1682 contradictione
993 1615 1109 1680 reddet
1132 1619 1166 1678 et
1199 1613 1355 1679 exsolvet.

307 1713 352 1779 Et
386 1717 467 1781 dicti
497 1717 599 1782 abbas
631 1728 666 1782 et
697 1723 880 1783 conventus
911 1717 1012 1783 nichil
1046 1717 1188 1802 amplius
1218 1739 1239 1781 a
1269 1717 1356 1782 dicto

306 1831 429 1884 rectore
460 1825 627 1906 praetextu
661 1821 801 1906 alicujus
836 1821 970 1885 decimce
1004 1820 1045 1884 de
1076 1820 1164 1884 dicto
1195 1819 1358 1884 dominico

309 1921 526 2005 proveniente
550 1923 687 2007 exigent
708 1921 762 1986 vel
786 1922 917 2006 exigere
948 1926 1107 2006 poterunt
1138 1921 1353 1984 infuturum.

307 2023 404 2089 Hanc
437 2029 548 2089 autem
584 2025 825 2090 ordinationem
859 2026 948 2110 pacis
983 2030 1017 2088 et
1050 2025 1170 2109 quietis
1203 2023 1353 2102 formam,

307 2134 445 2212 utraque
484 2149 560 2212 pare
598 2127 796 2214 approbavit
834 2133 868 2191 et
905 2127 1124 2191 communiter
1161 2127 1354 2211 acceptavit,

307 2231 492 2315 impetratis
515 2237 549 2295 et
572 2230 790 2317 impetrandis
820 2238 934 2296 contra
957 2231 1028 2296 haec
1049 2229 1273 2294 renuntiando
1295 2230 1356 2292 im-

308 2340 512 2419 perpetuum.
568 2335 611 2398 Et
634 2356 675 2398 ne
698 2340 807 2398 tractu
831 2335 987 2423 temporis
1010 2355 1049 2398 ea
1072 2355 1146 2418 quae
1169 2330 1270 2397 semel
1293 2338 1357 2396 ter·

307 2437 435 2500 minata
466 2443 552 2512 sunt,
588 2438 717 2502 iteratis
751 2436 1006 2522 refragatoribus
1041 2434 1284 2521 perturbentur,
1319 2456 1358 2498 ea

309 2560 381 2624 quae
406 2539 441 2603 in
463 2541 639 2626 praesentia
670 2539 751 2604 dicti
769 2539 894 2624 judicis
914 2539 1098 2604 ordinantis
1120 2545 1194 2602 acta
1214 2541 1294 2600 sunt
1324 2542 1358 2599 et

308 2643 524 2706 communiter
550 2664 571 2705 a
603 2643 753 2727 partibus
786 2664 937 2728 expresse
967 2642 1156 2728 approbata,
1181 2641 1274 2727 signo
1301 2640 1356 2724 ju-

309 2743 389 2808 dicis
412 2751 446 2808 et
468 2745 613 2829 partium
636 2744 814 2810 hincinde
837 2747 1074 2809 confirmantur
1097 2750 1131 2808 et
1154 2743 1328 2808 vallentur.
1370 2753 1480 2805 taret.

676 2985 753 3051 Car.
786 2984 989 3051 COOXLVI.

312 3133 513 3221 Occupoeilio
551 3138 644 3202 luter
679 3137 829 3204 abbutcru
871 3137 1074 3204 Willelrnuoc
1115 3144 1145 3202 ct
1174 3135 1358 3202 domicum

333 3237 525 3304 Jobcnaenr,
552 3239 703 3304 Mcudut
731 3241 771 3304 de
796 3240 948 3325 quodum
971 3261 1152 3304 commuue
1173 3247 1334 3325 pasturae.

357 3384 522 3450 Noverint
544 3386 690 3450 universi
711 3385 894 3470 quodcum
917 3387 1138 3449 controversia
1160 3393 1251 3450 mota
1274 3391 1358 3451 esset
1371 3395 1519 3471 Sauemenr

311 3488 398 3552 inter
436 3481 624 3552 dominum'
650 3487 853 3572 Willelmum
895 3487 1049 3552 abbatem
1087 3494 1122 3552 et
1160 3495 1358 3554 conventum
1372 3462 1526 3578 ffiffioed

311 3589 562 3664 Malmesburiae,
587 3612 630 3652 ex
663 3595 758 3674 parte
793 3611 866 3666 una,
899 3594 934 3653 et
965 3590 1135 3653 dominum
1173 3589 1360 3656 Johannem
1372 3595 1464 3661 rights.

313 3691 454 3756 ltlaudut
477 3713 519 3756 ex
540 3692 652 3768 altera,
675 3713 773 3777 super
795 3692 937 3776 quadam
954 3713 1128 3757 communa
1150 3714 1248 3778 quam
1272 3695 1361 3760 idem

311 3794 464 3859 domiuus
485 3794 653 3859 Johannes
676 3795 831 3880 exigebat
861 3797 896 3858 in
920 3796 1015 3860 tonis
1038 3800 1072 3860 et
1094 3797 1198 3881 pratis
1224 3797 1360 3882 praedic-

312 3904 420 3961 torum
451 3897 581 3962 abbatis
611 3903 646 3962 et
679 3903 862 3963 conventus
885 3904 919 3963 et
949 3898 1121 3962 hominurn
1154 3920 1287 3964 suorum
1320 3900 1360 3964 de

311 3999 497 4078 Rodburne‚
521 4022 595 4065 cum
620 4001 771 4065 omnibus
794 4001 914 4065 averiis
937 4002 1006 4066 suis
1036 4006 1070 4066 et
1092 4001 1263 4066 hominum
1286 4025 1361 4066 suo-

312 4125 386 4166 rum
421 4104 462 4168 de
494 4103 690 4179 Somerford‚
722 4105 779 4188 qui
814 4104 943 4168 servilis
977 4111 1057 4169 sunt
1090 4105 1296 4182 conditionis,
1327 4113 1361 4170 et

312 4228 411 4292 super
431 4227 606 4272 commune
628 4229 727 4292 quam
750 4207 850 4272 iidem
873 4206 975 4272 abbas
998 4213 1032 4272 et
1048 4215 1229 4274 conventus
1252 4211 1362 4296 exige-

312 4307 394 4373 bant
423 4307 459 4372 in
482 4309 579 4372 ternis
610 4315 645 4373 et
674 4309 778 4394 pratis
806 4308 955 4394 praedicti
986 4309 1112 4374 domini
1135 4310 1297 4376 Johannis
1321 4333 1363 4376 ex

313 4418 453 4496 utraque
486 4415 580 4496 parte
611 4433 714 4496 aquae,
738 4433 810 4496 quae
845 4413 960 4476 Avcne
991 4412 1196 4498 appellatur;
1229 4437 1297 4500 pax
1327 4416 1363 4479 in

313 4513 403 4580 hunc
440 4514 574 4578 modum
612 4512 810 4599 conquievit.
876 4514 1044 4592 Videlicet,
1084 4516 1172 4601 quod
1211 4517 1362 4602 praedicti

314 4615 414 4680 abbas
441 4622 475 4680 et
505 4623 688 4681 conventus
720 4617 926 4694 remiserunt,
953 4624 987 4683 et
1018 4619 1168 4703 quietum
1200 4619 1362 4686 clamave-

314 4725 393 4783 runt
426 4740 485 4804 pro
514 4721 553 4782 'se
587 4725 622 4784 et
659 4721 901 4785 successoribus
939 4743 1061 4800 eorum,
1097 4729 1132 4787 et
1166 4724 1265 4788 etiam
1304 4745 1363 4809 pro

313 4820 503 4888 hominibus
536 4807 656 4888 eorum¹
680 4822 720 4888 dc
755 4823 933 4890 Rodburne
971 4825 1224 4912 imperpetuum,
1257 4831 1362 4892 totam
