3566 5820
443 838 507 901 168
695 853 893 904 nnonrsun
916 853 1239 906 munesunmnsn.

436 1048 682 1128 suecessoribus,
730 1055 845 1116 contra
891 1071 1004 1117 omnes
1050 1050 1206 1117 mortales
1251 1051 1495 1137 imperpetuum

440 1152 737 1217 warantizabimus,

490 1251 534 1317 Et
557 1259 596 1318 ut
617 1251 688 1320 hoec
706 1276 783 1344 ¹mea
805 1253 941 1321 donatio
963 1260 998 1322 et
1020 1255 1183 1321 concessio
1206 1255 1306 1321 robur
1331 1257 1495 1342 perpetui-

444 1357 524 1421 tatis
548 1356 730 1443 optineant,
768 1356 855 1425 hano
893 1363 1017 1424 cartam
1049 1358 1170 1422 eisdem
1202 1357 1317 1423 abbati
1349 1365 1394 1423 ct¹
1421 1381 1496 1424 oon·

442 1459 560 1524 ventui
583 1459 655 1538 feci,
679 1465 713 1526 et
735 1482 807 1527 eam
830 1459 939 1548 sigillo
961 1481 1035 1526 meo
1058 1460 1195 1547 signavi.

824 1703 906 1770 One.
928 1701 1108 1770 0οΧ01Χ.

488 1853 711 1942 Confirmatio
734 1853 887 1920 Jordooc'
909 1851 1051 1943 Sporus
1074 1853 1114 1918 de
1137 1853 1226 1920 docto
1248 1861 1344 1921 terroe
1367 1877 1472 1942 quone

533 1957 682 2024 Clemens
698 1955 810 2044 frater
833 1955 905 2042 ejus
927 1955 1021 2022 dccli-t
1044 1955 1182 2024 ecclesie
1205 1954 1463 2024 Matoustana.

274 2105 362 2156 Orthe
488 2097 604 2164 Sciant
626 2103 804 2182 praesentes
820 2102 854 2162 et
876 2095 982 2161 firturi
998 2097 1086 2182 quod
1101 2119 1161 2184 ego
1175 2097 1199 2162 J
1200 2096 1341 2162 ordanus
1365 2095 1495 2182 Sporun

273 2187 348 2274 Ψ·
443 2199 483 2262 dc
507 2197 741 2264 Mnlmesburia
767 2198 969 2275 confirmavi,
993 2220 1051 2282 pro
1074 2220 1127 2262 me
1150 2203 1184 2262 et
1206 2197 1381 2264 heredibus
1405 2199 1495 2276 meis,

442 2299 513 2366 Deo
535 2306 570 2366 et
602 2300 746 2367 ecclesiae
770 2298 885 2366 Sancti
908 2299 1078 2364 Aldhelmi
1112 2301 1153 2364 de
1186 2299 1428 2377 Mnlrnesburia,
1461 2305 1501 2366 et
1536 2337 1540 2344 ·

342 2395 344 2400 ’
441 2403 607 2468 Willelrno
630 2401 752 2479 abbati,
776 2407 811 2467 et
836 2401 1003 2468 monachis
1026 2403 1150 2468 ibidem
1173 2403 1244 2468 Deo
1267 2404 1495 2481 servientibus

441 2505 564 2571 donum
597 2505 681 2570 illud
720 2506 808 2590 quod
846 2503 999 2570 dominus
1033 2503 1184 2570 Clemens
1217 2505 1357 2592 Sporun,
1394 2506 1497 2572 frater

440 2631 541 2686 meus,
557 2607 680 2674 eisdem
696 2607 783 2684 fecit,
801 2607 842 2672 de
865 2607 1009 2693 quadam
1025 2613 1113 2674 terra
1135 2630 1210 2674 cum
1233 2609 1442 2694 pertinentiis
1459 2609 1495 2672 in

440 2709 594 2796 manerio,
609 2711 650 2774 de
673 2709 963 2787 Brokeneberewe‚
986 2731 1060 2776 oum
1081 2715 1177 2796 prato
1193 2709 1233 2776 de
1249 2710 1495 2797 Beggebrngge,

440 2820 475 2877 et
506 2835 580 2878 oum
615 2811 767 2876 omnibus
806 2811 997 2877 tenentibus
1029 2817 1064 2878 et
1101 2833 1212 2878 eorum
1247 2812 1431 2878 redditibus
1460 2817 1495 2878 ot

440 2913 594 2992 serviciis,
633 2919 668 2978 et
704 2935 778 2980 cum
825 2919 896 2978 toto
941 2919 1138 2993 tenemento,
1177 2915 1265 3000 quod
1302 2913 1421 2980 habuit
1459 2915 1494 2978 in

440 3015 586 3084 manerio
630 3020 664 3080 et
695 3015 731 3080 in
765 3015 847 3081 villa
880 3015 920 3080 de
948 3015 1237 3094 Brokeneberewe,
1275 3017 1362 3081 sicut
1404 3021 1494 3083 carta

441 3117 488 3182 cis
517 3117 666 3184 confecta
699 3117 829 3206 plenius
854 3122 1004 3184 testetur.
1066 3118 1121 3184 Ita
1143 3119 1232 3204 quod
1253 3140 1314 3184 nec
1336 3139 1405 3204 ego,
1434 3141 1495 3184 nec

441 3219 561 3306 aliquis
584 3219 742 3285 heredum
773 3241 930 3298 meorum,
962 3219 1091 3305 aliquid
1118 3219 1205 3307 juris
1228 3220 1283 3285 vel
1313 3220 1424 3286 clamii
1458 3221 1492 3285 in

440 3323 598 3408 puediota
621 3328 710 3388 terra
733 3321 786 3387 vel
808 3327 911 3409 prato,
924 3323 1122 3400 tenentibus,
1137 3327 1198 3388 aut
1220 3343 1332 3388 eorum
1358 3322 1493 3388 redditi-

440 3425 502 3489 bus
530 3431 563 3490 et
586 3424 742 3502 serviciis,
765 3445 822 3490 seu
853 3426 889 3489 in
912 3429 983 3490 toto
1005 3423 1163 3510 praedicto
1188 3429 1385 3504 tenemento,
1409 3426 1494 3492 sicut

440 3526 635 3614 praedictum
659 3533 717 3604 est,
741 3525 984 3614 imperpetuum
999 3527 1095 3592 nobis
1118 3527 1291 3594 vendicare
1314 3529 1493 3614 possimus3

273 3636 360 3689 t225·
440 3631 497 3695 sed
521 3629 723 3696 habeantet
750 3633 888 3695 teneant
922 3628 1072 3716 praedicti
1107 3629 1209 3696 abbas
1245 3636 1280 3696 et
1311 3636 1493 3698 conventus

440 3733 552 3798 omnia
573 3731 816 3820 praenominata
842 3731 914 3796 sine
941 3731 1054 3817 aliqua
1077 3733 1335 3799 contradictione
1351 3735 1416 3798 mei
1440 3733 1493 3798 vel

439 3821 597 3901 heredum
613 3857 768 3912 meorum,
793 3835 1045 3922 imperpetuum.
1092 3835 1134 3900 In
1157 3836 1251 3923 cujus
1273 3835 1321 3902 rei
1344 3837 1492 3902 testimo·
1600 3825 1603 3830 ¹

438 3938 533 4002 nium
555 3937 617 4004 hoc
639 3937 799 4023 scriptmn
827 3937 949 4002 eisdem
972 3935 1087 4004 abbati
1110 3942 1145 4004 et
1166 3939 1342 4005 conventui
1367 3938 1495 4018 leniet

439 4041 547 4128 sigillo
570 4061 642 4106 meo
665 4039 803 4127 signavi.
936 4129 938 4132 Ι

786 4335 789 4342 ,
843 4273 922 4340 One.
949 4272 1043 4342 000.

484 4409 597 4480 Uario
619 4411 805 4479 Clementis
827 4412 969 4500 &toruo
992 4411 1032 4478 de
1054 4410 1152 4480 doum
1176 4411 1215 4479 de
1238 4411 1275 4480 lo
1296 4414 1472 4483 Postume.

270 4561 352 4615 Orant
363 4563 394 4613 of
484 4550 599 4615 Sciant
621 4556 800 4636 praesentes
823 4555 858 4616 et
879 4551 986 4614 futuri
1003 4551 1091 4636 quod
1114 4573 1174 4638 ego
1191 4550 1344 4617 Clemens
1361 4553 1492 4640 Sporun

268 4631 425 4748 Joiffinui·
438 4653 478 4718 de
514 4653 748 4720 Mulmesburia
774 4654 859 4730 dedi,
894 4653 1043 4730 concessi,
1068 4659 1102 4718 et
1132 4654 1193 4720 hac
1223 4658 1378 4740 praesensi
1401 4665 1491 4724 eam

269 4777 379 4829 vernn.
438 4775 511 4822 mea
523 4757 723 4834 confirmavi,
736 4757 772 4822 in
787 4778 905 4842 puram
923 4760 956 4823 et
971 4760 1167 4842 perpetuam
1183 4756 1404 4840 elemosinam,
1420 4759 1493 4826 Deo
