3578 5808
552 911 750 965 saansaan
774 911 1098 965 umusssuarsusa.
1308 899 1348 968 71

731 1237 811 1307 Car.
835 1237 964 1305 CCXV.

426 1406 531 1472 erana
548 1405 645 1491 sacta
667 1405 819 1472 Ricardo
842 1405 883 1471 da
904 1405 991 1472 Albo
1014 1405 1228 1471 Menestam.

344 1560 507 1625 Omnibus
530 1558 655 1626 Christi
679 1558 832 1623 fidelibus
854 1565 1050 1645 praesentem
1081 1564 1206 1624 cartam
1229 1560 1351 1624 visuris
1364 1557 1486 1674 ἓξῗῑῑῡ

299 1663 351 1728 vel
390 1663 564 1740 audituris,
596 1661 626 1726 J.
662 1661 726 1726 Dei
757 1662 866 1746 gratia
899 1662 1000 1726 abbas
1032 1661 1282 1738 Malmesburiae,
1318 1626 1476 1742 &baldhild

299 1766 444 1853 ejusdem
468 1765 530 1830 loci
560 1769 751 1841 conventus,
786 1763 926 1828 salutern
949 1769 1106 1829 aeternam
1140 1747 1176 1828 in
1199 1763 1349 1830 Domine.
1362 1757 1491 1874 ffgme·

299 1867 389 1934 Scire
413 1867 566 1932 volumus
589 1867 759 1931 universos
782 1887 841 1930 nos
864 1866 1066 1931 unanimiter
1092 1867 1294 1960 concessisse,
1317 1873 1351 1931 et
1402 1859 1409 1874 '

299 1970 454 2057 praesenti
493 1973 584 2033 carta
621 1973 735 2033 nostra
772 1967 979 2032 confirmasse
1017 1967 1159 2033 Ricardo
1191 1968 1232 2033 de
1264 1969 1351 2034 Albo

300 2073 506 2148 Monasterio
532 2071 600 2134 filio
631 2070 791 2134 Bornardi
819 2071 988 2156 capellani,
1012 2075 1046 2135 et
1068 2070 1243 2136 heredibus
1274 2072 1351 2149 suis,

299 2176 381 2240 duaa
422 2173 541 2238 croftas
580 2173 616 2235 in
659 2172 740 2236 villa
779 2172 1029 2248 Malmesburiae,
1068 2195 1143 2237 oum
1182 2175 1351 2260 mesuagio

299 2277 567 2364 superaedificate,
606 2275 687 2338 sitas
717 2275 805 2338 inter
838 2275 971 2339 domum
1012 2275 1162 2339 Gervesii
1194 2275 1225 2340 le
1261 2277 1353 2340 Bunt

300 2385 334 2444 et
356 2378 488 2443 Ricardi
513 2376 542 2440 le
576 2376 725 2452 Paumer,
749 2376 823 2440 illes
847 2376 1003 2441 videlieet
1033 2399 1114 2461 quas
1142 2377 1251 2442 Alicia
1283 2377 1353 2442 filia

300 2480 456 2545 Willelmi
492 2479 681 2563 Fraunoeys
712 2478 890 2563 aliquando
925 2480 1036 2543 tenarit
1070 2480 1105 2542 in
1136 2479 1352 2556 Burnouallis‚

300 2593 396 2654 extra
432 2593 562 2672 portam
601 2584 844 2660 occidentalem,
877 2583 979 2649 libere
1014 2591 1047 2650 et
1079 2586 1190 2670 quiete
1222 2585 1286 2650 sibi
1319 2592 1353 2650 et

299 2688 474 2753 heredibus
496 2687 564 2750 suis
587 2685 807 2772 possidendae,
831 2707 891 2770 pro
915 2686 981 2748 xvi.
1006 2687 1076 2750 den.
1102 2686 1196 2751 nobis
1227 2701 1453 2753 annua-moa.

300 2791 363 2854 tim
401 2789 576 2864 solvendis,
606 2786 650 2851 ad
688 2784 770 2851 duos
809 2786 987 2851 terminos:
1025 2787 1158 2866 scilicet,
1190 2789 1233 2852 ad
1265 2789 1352 2854 diem

301 2892 415 2957 Sancti
430 2889 610 2976 Augustini
633 2889 766 2953 nomine
789 2887 941 2974 burgagii
964 2911 995 2952 x.
1012 2890 1093 2966 den,
1110 2897 1144 2956 et
1166 2890 1210 2955 ed
1233 2891 1351 2956 festum

302 2994 415 3059 Sancti
439 2991 609 3057 Michaelis
634 2991 675 3054 vi.
701 2992 782 3067 den,
799 2991 892 3055 salva
914 2992 1086 3057 exactione
1109 2992 1200 3077 regia
1222 2996 1257 3056 et
1279 3015 1355 3058 con-

301 3094 531 3160 suetudinibus
561 3081 662 3179 'burgi
694 3093 734 3156 de
766 3091 1006 3169 Malmesburia,
1030 3095 1073 3158 ad
1107 3093 1191 3158 illud
1222 3096 1355 3160 feodum

302 3195 553 3284 pertinentibus.
601 3195 646 3257 Et
667 3217 727 3259 nos
751 3201 785 3258 et
808 3215 1007 3260 sarcoessores
1039 3197 1145 3260 nostri
1179 3199 1354 3282 praedictas

301 3299 420 3365 croftas
451 3319 526 3362 curn
550 3295 718 3382 mesuagio
741 3297 900 3382 praedicto
934 3297 1076 3364 Ricardo
1109 3305 1143 3362 et
1176 3301 1353 3367 heredibus

302 3401 369 3466 suis
391 3405 506 3466 contra
529 3421 641 3464 omnes
665 3399 817 3463 viventes
848 3400 1070 3484 quantumin
1092 3401 1188 3466 nobis
1211 3409 1261 3468 est
1284 3426 1352 3469 wa-

300 3503 544 3570 rantizabimus.
590 3501 632 3564 In
646 3501 747 3586 hujus
769 3511 882 3567 autem
905 3503 1121 3568 concessionis
1143 3511 1264 3572 nostrae
1288 3513 1352 3572 tes-

301 3607 476 3673 timonium
499 3611 694 3692 praesentem
716 3609 841 3670 cartam
864 3607 894 3670 ei
918 3607 1062 3684 lecimus,
1085 3615 1120 3673 et
1142 3631 1213 3676 eam
1236 3611 1354 3699 sigillis

299 3711 420 3777 nostris
442 3708 653 3796 signavimus.
700 3707 776 3772 Hiis
799 3707 948 3785 testibus,
970 3715 1029 3775 etc.

701 3973 780 4040 Chr.
805 3975 952 4042 CCXVI.

524 4141 740 4228 corrosano
765 4141 924 4229 Gulsrido
947 4141 1126 4228 Sijicwust
1185 4090 1190 4100 Ι

346 4291 519 4359 Universis
543 4294 669 4359 Christi
692 4294 844 4360 fidelibus
866 4295 910 4359 ad
932 4317 1013 4384 quos
1036 4318 1178 4382 praesens
1194 4297 1353 4383 scriptum
1366 4311 1485 4363 Grantro

300 4397 495 4484 pervenerit,
519 4396 689 4462 Johannes
712 4397 774 4461 Dei
797 4398 905 4483 gretia
928 4397 1029 4463 abbas
1053 4399 1303 4478 Malmesburiae,
1318 4406 1354 4468 et
1367 4377 1505 4497 gigig&

301 4500 446 4587 ejusdem
477 4499 540 4566 loci
562 4507 752 4578 conventus,
775 4501 915 4566 salutem
952 4507 1109 4567 aetemarn
1141 4505 1177 4569 in
1200 4505 1352 4572 Domino.

301 4603 444 4668 Noverit
466 4603 664 4668 universitas
688 4609 799 4668 vestra
820 4625 879 4668 nos
903 4605 943 4669 de
967 4604 1139 4671 voluntate
1162 4613 1196 4671 et
1219 4631 1354 4673 assensn

299 4703 465 4770 communi
488 4703 689 4781 concessisse,
713 4709 747 4770 et
768 4704 831 4770 hac
853 4706 1008 4792 praesenti
1032 4715 1123 4774 carta
1145 4709 1353 4775 confirmasse

299 4805 461 4874 Gaufiido
495 4805 536 4870 de
571 4806 753 4892 Syfrewast
787 4813 821 4874 et
858 4808 1034 4875 heredibus
1069 4811 1137 4876 suis
1172 4811 1353 4900 plenariam
