3524 5808
449 843 514 907 328
701 855 899 907 1111111111
923 855 1245 906 usnusssmusrsu

448 1039 483 1100 et
513 1035 595 1104 dicti
619 1035 749 1102 Rmulfi
771 1037 915 1114 donati0,
938 1041 1107 1124 perpetuae
1129 1037 1298 1104 firmitatis
1320 1036 1421 1104 robur
1444 1057 1502 1124 op-

447 1138 586 1216 tineant,
610 1139 708 1205 istam
730 1145 926 1224 praesentem
950 1145 1074 1206 cartam
1097 1139 1215 1226 sigillis
1245 1140 1367 1205 nostris
1393 1140 1501 1206 eidem

447 1240 682 1306 roboravimus.
728 1241 805 1306 Hiis
821 1240 963 1308 testibus
985 1241 1199 1328 subscriptis3
1222 1241 1318 1328 plura
1343 1242 1502 1308 beneficia

446 1343 511 1406 sibi
549 1344 723 1410 faciemus
754 1344 1019 1430 imperpetuum:
1056 1344 1234 1410 videlieet:
1290 1345 1414 1412 Milone
1459 1345 1501 1410 de

447 1444 667 1532 Daunteseye,
690 1447 799 1512 Adam
816 1447 857 1512 de
872 1446 1039 1524 Puritone,
1055 1445 1078 1512 J
1079 1447 1202 1512 ordano
1219 1445 1347 1524 Bassat,
1362 1446 1500 1512 Emullo

447 1548 487 1614 de
522 1549 687 1636 Asseleye,
721 1548 888 1614 Willelmo
921 1549 962 1614 de
997 1548 1237 1628 Cruddewelle,
1274 1548 1421 1616 Waltero
1458 1549 1500 1614 de

447 1651 656 1732 Niwentone,
680 1639 848 1718 Willelnio
873 1651 913 1718 de
937 1650 1197 1736 Hanekyntone,
1221 1657 1255 1718 et
1277 1651 1392 1717 multis
1415 1651 1497 1718 aliis

804 1877 898 1963 [on.
922 1875 1161 1963 cocorum]

448 2007 552 2072 01111
573 2003 705 2073 obbatis
727 2011 757 2072 el
788 2011 967 2072 emeretur
992 2003 1090 2092 suctu
1123 2002 1281 2071 Jolturute'
1312 2001 1447 2089 sulem
1469 2007 1499 2068 et

779 2109 936 2178 Ysobelloe
958 2111 1061 2180 11111
1084 2133 1161 2178 eom.

277 2249 360 2302 Grant
370 2252 423 2302 osa
491 2238 654 2305 Omnibus
678 2237 803 2304 Christi
826 2239 981 2304 fidelibus
1004 2261 1147 2326 praesens
1183 2237 1343 2324 seriptum
1375 2239 1496 2304 visuris

276 2317 412 2446 Μὶζξξξθ
444 2342 498 2407 vel
521 2342 693 2419 audituris,
717 2341 903 2406 Willelmus
926 2341 990 2406 Dei
1022 2342 1131 2428 gratia
1162 2341 1263 2406 abbas
1298 2339 1495 2406 Mulmesbu-

277 2450 416 2502 Guildhsll.
443 2445 511 2524 riae,
534 2450 568 2509 et
602 2443 748 2529 ejusdem
784 2443 847 2508 loci
882 2449 1072 2522 conventus
1097 2444 1238 2510 salutem
1274 2443 1468 2510 eetemam'
1459 2464 1495 2506 1n

442 2547 594 2612 Domino.
654 2545 797 2610 Noverit
828 2545 1027 2610 universitas
1062 2552 1174 2613 vestra
1208 2571 1267 2615 nos
1301 2546 1494 2614 conoessisse

442 2649 589 2715 lohanni
625 2647 767 2734 Selkyld
799 2648 840 2712 de
874 2647 1110 2714 Malmesburia
1144 2654 1178 2716 11
1212 2649 1363 2718 Isabellae
1397 2647 1493 2712 uxori

442 2751 523 2837 ejus,
546 2756 652 2817 totum
675 2755 804 2837 partem
839 2749 931 2817 illam
965 2771 1039 2835 quoe
1073 2773 1134 2816 nos
1168 2752 1333 2839 contingit
1366 2751 1404 2816 in
1436 2747 1494 2814 illo

441 2859 630 2920 tenemento
654 2853 742 2940 quod
765 2852 831 2917 luit
863 2851 1030 2938 quondam
1055 2850 1207 2940 Orengiae
1232 2855 1273 2920 de
1296 2852 1493 2920 1111111111-

441 2956 499 3033 ria,
515 2956 617 3021 situm
640 2977 683 3022 ex
706 2953 857 3042 opposito
872 2953 1002 3040 gyaldae
1016 2955 1106 3020 villse
1123 2955 1375 3032 Malmesburiae,
1393 2954 1493 3042 juxta

441 3057 575 3122 domum
598 3057 765 3142 quondam
788 3053 930 3142 Agathae
961 3055 994 3120 la
1016 3053 1186 3140 Vynitere,
1209 3078 1284 3123 oum
1318 3055 1437 3124 solario
1459 3059 1493 3120 et

440 3160 559 3224 solario
583 3181 656 3246 quae
680 3158 816 3222 suerunt
831 3157 1010 3242 aliquando
1034 3157 1204 3224 Katerinae
1223 3158 1373 3246 Selkyld,
1392 3157 1492 3244 juxta

439 3265 666 3326 tenementum
689 3260 856 3346 praedictae
880 3259 1033 3346 Orongiae
1049 3259 1084 3322 in
1106 3266 1199 3346 porte
1214 3260 1375 3326 orientali.
1422 3258 1492 3325 Ha-

440 3363 586 3428 bendum
609 3368 643 3429 et
665 3361 846 3428 tenendum
861 3365 967 3426 totam
991 3365 1119 3446 partem
1143 3363 1294 3448 praedicti
1309 3361 1492 3430 tenementi

439 3487 507 3532 una
530 3487 604 3532 oum
627 3463 795 3551 praedietis
818 3462 937 3529 oelario
968 3471 1004 3527 et
1026 3463 1152 3542 solario,
1176 3470 1210 3529 et
1241 3465 1394 3530 omnibus
1416 3463 1492 3529 eliis

439 3567 649 3653 pertinentiis
679 3565 756 3642 suis,
780 3564 946 3651 praedietis
968 3563 1116 3632 Jobanni
1140 3572 1174 3631 et
1197 3565 1346 3634 Isabellae
1369 3571 1403 3630 et
1433 3564 1491 3630 he·

439 3669 572 3733 redibus
595 3667 672 3747 suis,
696 3667 736 3734 de
759 3667 854 3732 nobis
884 3669 919 3732 et
950 3667 1189 3732 suecessoribus
1220 3667 1351 3746 nostris,
1380 3667 1490 3743 libere,

439 3772 559 3856 quiete,
582 3771 665 3836 bene
688 3775 723 3836 et
754 3769 790 3834 in
812 3789 892 3855 paee
920 3768 1170 3854 imperpetuum.
1218 3769 1399 3836 Reddendo
1430 3789 1490 3834 an-

438 3873 567 3937 nuatim
590 3893 649 3958 pro
672 3876 765 3958 parte
788 3869 938 3956 praedicti
959 3870 1150 3948 tenementi,
1165 3871 1356 3956 ooquinario
1377 3875 1490 3936 nostro

439 3975 496 4058 qui
519 3996 578 4060 pro
600 3979 747 4060 tempore
770 3971 881 4049 fuerit,
903 3972 939 4036 in
961 3971 1047 4038 festo
1070 3972 1184 4038 Sancti
1202 3973 1393 4059 Augustini,
1416 3977 1490 4038 ooto

439 4078 589 4145 denarios
612 4079 652 4144 de
675 4076 854 4166 burgagio;
876 4081 911 4142 et
933 4076 1071 4144 servicio
1098 4077 1213 4144 altaris
1236 4077 1350 4144 Beatae
1373 4077 1488 4142 Mariae

437 4181 474 4245 in
496 4181 630 4248 ecclesia
653 4179 768 4248 Sancti
783 4178 959 4256 Aldhelmi,
975 4179 1146 4246 duodecim
1170 4179 1320 4244 denarios
1342 4181 1387 4246 ad
1408 4201 1488 4266 qua-

436 4289 514 4348 tuor
535 4283 614 4348 anni
637 4283 794 4348 terminos
817 4283 988 4348 oonsuetos
1005 4286 1038 4347 et
1053 4281 1201 4348 usitatos.
1248 4281 1293 4346 Et
1315 4303 1375 4368 pro
1390 4282 1488 4348 dictis

436 4385 555 4452 oelario
579 4391 612 4452 et
627 4383 755 4462 solario,
778 4383 867 4448 dieto
882 4382 1073 4468 coquinario
1094 4389 1209 4449 nostro
1232 4383 1289 4470 qui
1322 4404 1382 4469 pro
1405 4389 1488 4449 tem-

436 4511 515 4575 pore
537 4488 646 4564 fuerit,
662 4487 697 4550 in
721 4487 805 4552 festo
822 4485 936 4551 Sancti
959 4485 1151 4572 Augustini,
1173 4489 1247 4552 oeto
1270 4487 1423 4552 denarios
1446 4487 1487 4552 de

435 4590 603 4677 burgagio,
636 4593 670 4654 et
701 4587 889 4674 gordinario
923 4591 1037 4651 nostro
1080 4592 1223 4671 quatuor
1254 4587 1424 4668 denarios;
1453 4593 1488 4655 et

435 4692 572 4758 servicio
606 4690 720 4758 altaris
753 4689 865 4753 Beatae
889 4687 1003 4753 Mariae
1026 4687 1062 4751 in
1086 4687 1220 4754 ecelesia
1243 4688 1357 4754 Sancti
1381 4687 1485 4770 Pauli,

436 4794 608 4862 duodecim
640 4791 800 4869 denarios
822 4811 881 4876 pro
916 4789 1007 4856 omni
1039 4791 1178 4858 servicio
1212 4791 1351 4858 seculari
1392 4813 1486 4860 exae-
