3514 5818
512 897 711 952 ancrsrauu
735 901 1058 954 nmunseumnnsn.
1295 887 1312 952 5

654 1128 734 1195 Orr.
760 1127 911 1194 CXLIII.

268 1273 318 1340 De
340 1275 472 1344 meana
494 1276 535 1344 de
557 1275 732 1344 Ntwehotd
754 1277 887 1344 traditu
905 1274 1023 1366 priori
1045 1276 1086 1346 de
1108 1274 1300 1344 Keuitwrth

682 1383 729 1452 ud
742 1383 896 1470 firmam.

304 1521 387 1590 Haec
411 1529 462 1590 est
493 1524 670 1592 conventio
692 1524 783 1592 facta
805 1525 894 1590 inter
916 1523 968 1590 W.
991 1523 1146 1590 abbatem
1179 1528 1213 1588 et
1236 1543 1312 1589 con-
1326 1539 1446 1617 ramos

258 1630 396 1691 ventum
430 1628 471 1693 de
495 1627 729 1694 Meheshuria
752 1650 794 1694 ex
818 1649 885 1694 una
916 1631 1019 1714 parte,
1042 1632 1077 1693 et
1107 1625 1312 1692 Willchnum
1325 1608 1397 1658 Μ·

258 1728 399 1814 priorem
416 1731 478 1814 [et]
502 1735 704 1797 conventum
727 1731 769 1795 de
793 1729 1033 1796 Kenillewrthe
1056 1752 1099 1795 ex
1114 1728 1196 1794 alia:
1221 1729 1313 1794 vide·

257 1829 335 1895 licet
357 1833 445 1917 quod
469 1833 550 1899 dicti
580 1833 682 1899 abbas
717 1838 752 1898 et
786 1837 969 1898 conventus
1003 1831 1045 1896 de
1078 1831 1312 1897 Malmesburia

256 1932 466 2000 tradiderunt
488 1935 586 2002 dictis
608 1934 711 2022 priori
734 1939 769 2000 et
803 1935 983 2002 conventui
1006 1933 1048 2000 de
1071 1932 1311 2000 Kenillewrthe

256 2035 299 2098 ad
337 2042 530 2122 perpetuam
563 2037 701 2114 firmam,
734 2057 847 2102 omnes
880 2035 1023 2102 decimas
1067 2057 1141 2120 quae
1180 2035 1223 2100 ad
1255 2057 1310 2101 eos

256 2137 425 2222 pertinent
447 2139 483 2203 in
506 2137 589 2204 villa
611 2139 652 2204 de
674 2137 879 2215 Noewebold‚
903 2143 973 2205 tam
1007 2137 1043 2201 in
1069 2137 1188 2224 garbis,
1211 2159 1311 2224 quam

256 2237 292 2300 in
315 2239 389 2305 aliis
411 2239 509 2305 rebus
524 2239 770 2326 imperpetuum
793 2239 833 2304 de
861 2239 907 2304 eis
930 2238 1115 2305 tenendas:
1144 2239 1311 2305 reddendo

255 2340 334 2406 inde
357 2342 404 2407 eis
426 2343 600 2409 annuatim
623 2364 681 2407 xx.
704 2341 761 2408 sot
785 2341 1028 2429 sterlingorum,
1063 2341 1106 2406 ad
1140 2340 1223 2407 duos
1245 2345 1310 2406 ter-

256 2444 363 2510 minos
385 2445 488 2527 anni3
511 2467 553 2512 sc.
575 2445 619 2510 ed
641 2444 768 2512 Pascha
790 2466 821 2510 x.
845 2445 912 2522 sol,
934 2450 970 2510 et
991 2444 1035 2510 ad
1056 2442 1180 2508 festum
1196 2442 1311 2511 Sancti

257 2545 426 2612 Michaelis
458 2569 488 2614 a
513 2547 591 2628 sol3
624 2547 723 2613 istem
755 2551 867 2612 autem
899 2547 1072 2634 pecuniam
1106 2545 1188 2613 dicti
1222 2548 1311 2632 prior

255 2655 290 2713 et
312 2654 494 2715 conventus
517 2651 558 2716 de
582 2649 802 2737 Kenillewrte
825 2650 992 2737 assignato
1014 2671 1073 2736 per
1095 2651 1309 2717 camerarium

256 2750 297 2815 de
332 2751 565 2819 Malmesburia
597 2753 785 2840 quicunque
819 2775 878 2839 pro
910 2758 1057 2840 tempore
1088 2753 1197 2830 fuerit,
1220 2754 1310 2840 apud

256 2851 439 2920 Newebold
473 2855 615 2921 fideliter
646 2855 837 2943 persolvent
869 2856 1021 2921 beminis
1052 2856 1308 2942 preenominatis.

255 2955 403 3036 Quodsi
436 2957 587 3024 terminis
619 2963 654 3023 et
685 2959 756 3024 loco
787 2959 982 3044 praetaxetis
1016 2957 1069 3023 vel
1104 2957 1193 3024 infra
1227 2957 1309 3023 viii⁰.

253 3060 324 3125 dies
355 3066 529 3146 sequentes
566 3061 689 3127 dietam
727 3061 900 3148 pecuniam
942 3061 1115 3126 memorati
1144 3059 1234 3146 prior
1272 3066 1306 3126 et

253 3168 436 3228 conventus
470 3162 511 3228 de
544 3161 792 3242 Kenillewrthe‚
823 3163 909 3229 sicut
943 3163 1031 3228 inter
1065 3184 1118 3228 eos
1142 3163 1305 3241 convenit,

252 3287 320 3331 non
340 3263 511 3342 solverint,
526 3265 672 3351 quinque
695 3265 750 3332 sol
774 3265 907 3330 nomine
930 3286 1038 3350 poenae
1060 3264 1103 3330 ad
1126 3265 1307 3350 quemlibet

253 3365 434 3432 terminum
463 3367 663 3453 persolvent.
727 3366 769 3431 ln
794 3365 894 3453 hujus
917 3367 965 3431 rei
995 3366 1223 3433 testimonium
1245 3367 1308 3434 hoc

253 3471 413 3556 scriptum
444 3471 533 3536 inter
566 3491 620 3536 eos
654 3470 783 3536 factum
810 3477 868 3548 est,
892 3475 927 3534 et
949 3469 1133 3560 sigillorum
1164 3492 1307 3550 suorum,

251 3573 377 3639 scilicet
393 3572 565 3658 utriusque
588 3571 702 3658 partis,
725 3571 925 3660 appensione
936 3573 1190 3640 corroboratum.
1229 3572 1307 3639 Hiis

251 3675 402 3754 testibus,
425 3680 484 3742 etc.

641 3866 720 3935 ΟΔΡ.
746 3865 917 3934 CXLIIII.

353 4025 601 4096 Testiruorriwm
623 4031 661 4096 dc
683 4035 775 4096 terra
797 4027 837 4096 de
859 4025 1035 4098 Niwctold
1057 4052 1211 4100 munerea.

293 4181 458 4247 Omnibus
492 4177 619 4244 Christi
652 4177 803 4244 fidelibus
833 4177 893 4245 has
930 4178 1059 4246 litteras
1097 4182 1301 4270 inspecturis,
1314 4197 1472 4264 Deposison.

245 4283 417 4350 Walterus
439 4282 503 4348 Dei
533 4281 642 4369 gretia
673 4281 777 4347 abbas
809 4281 1059 4366 Malmesburiae‚
1092 4285 1233 4352 sulutem
1263 4289 1299 4353 in

243 4385 400 4452 Domino,
469 4383 642 4448 Noveritis
680 4383 769 4468 quod
807 4405 881 4449 cum
919 4383 1042 4450 fuimus
1080 4387 1116 4452 in
1153 4389 1301 4456 saeculari

240 4489 366 4554 habitu
390 4509 466 4553 eum
488 4485 634 4551 Robertc
657 4485 824 4570 quondam
847 4486 967 4551 abbate
990 4487 1031 4552 de
1055 4488 1298 4571 Malmesburia,

236 4591 392 4656 vidimus
415 4588 504 4674 quod
526 4587 615 4653 idem
638 4587 734 4652 dedit
757 4585 946 4654 Johannam
969 4588 1122 4656 heredem
1146 4593 1300 4660 Ancelini

234 4693 339 4778 Elyae
367 4692 490 4759 Oumin
522 4711 597 4758 cum
629 4697 718 4756 terra
745 4690 786 4755 de
819 4690 1012 4770 Newebold,
1043 4694 1176 4781 deque
1214 4703 1302 4765 terra

233 4797 335 4862 idem
358 4795 459 4880 Elyas
484 4793 607 4860 (lumin
628 4793 775 4860 reddidit
797 4793 912 4860 abbati
946 4795 987 4860 de
1011 4795 1245 4867 Malmesburia
1267 4805 1301 4864 et
