3566 5820
435 868 497 932 18ss
685 880 882 934 naorsrnun
907 880 1229 935 nltmssumnrsa.

239 1057 243 1065 “
263 1073 411 1126 cultivation
431 1076 510 1146 tera,
534 1070 574 1134 de
597 1073 692 1135 terris
713 1072 921 1138 inbladandis
944 1081 979 1138 et
1001 1072 1099 1139 iabou
1123 1074 1281 1139 faciendis
1303 1074 1340 1138 in
1362 1074 1485 1158 campis

263 1141 293 1190 of
300 1142 360 1192 land
371 1151 398 1192 at

262 1207 378 1259 Broken-

262 1274 385 1342 borougb.

431 1172 471 1236 de
495 1173 772 1239 Brokeneberewe
796 1182 830 1239 et
860 1176 900 1240 de
925 1176 1123 1261 Buregtone,
1147 1183 1297 1262 sponte
1322 1177 1362 1241 de
1386 1176 1484 1240 Fulc-

430 1273 551 1338 broeke
582 1297 684 1360 usque
714 1277 756 1342 ad
790 1277 974 1365 Hulbrigge
1005 1278 1045 1342 de
1075 1278 1292 1354 Bremelham‚
1324 1279 1383 1342 ubi
1414 1278 1483 1342 dic·-

430 1381 484 1440 tus
508 1376 666 1442 Ricardus
689 1379 819 1444 'dicebat
853 1402 887 1445 se
921 1379 1041 1445 habere
1064 1402 1279 1456 communem,
1311 1381 1361 1444 ila
1394 1379 1480 1465 qnod

429 1500 489 1544 nec
526 1481 626 1546 abbas
664 1488 698 1547 et
735 1489 924 1558 conventus¹
963 1505 1023 1548 nec
1063 1505 1174 1547 eornm
1217 1487 1376 1559 tenentes,
1408 1504 1482 1568 pos·

322 1569 324 1586 '
429 1581 497 1645 sint
540 1581 638 1647 *indos
672 1584 774 1648 faeere
819 1584 888 1647 sine
927 1605 1083 1648 consensu
1123 1585 1204 1649 dicti
1243 1584 1383 1660 Ricardi,
1422 1606 1482 1648 nec

429 1705 486 1768 pro
510 1686 681 1750 voluntate
705 1709 765 1750 sua
795 1693 897 1750 terras
927 1709 1002 1751 snas
1025 1687 1148 1752 ibidem
1171 1687 1340 1752 inblndare
1352 1712 1359 1765 ;
1390 1688 1480 1751 vidc-

428 1784 506 1850 licet
529 1787 615 1871 quod
639 1787 795 1872 praelatus
812 1787 972 1852 Ricardus
996 1789 1155 1852 concessit
1177 1777 1344 1874 praedictis
1366 1789 1479 1854 abbati

428 1894 462 1952 et
484 1890 662 1954 conventui
687 1896 721 1954 ct
750 1912 861 1955 eorum
894 1891 1093 1967 tenentibus
1116 1897 1187 1954 tam
1216 1891 1349 1956 rusticis
1381 1913 1479 1976 quam

427 1990 546 2070 liberis,
577 2014 635 2078 pro
665 2015 699 2056 se
729 1999 764 2056 et
794 1991 969 2058 heredibus
1004 1995 1070 2056 suis
1106 1993 1357 2079 imperpetuum,
1391 1994 1478 2078 quod

427 2095 495 2188 ipsi¹
522 2102 625 2166 tenos
659 2118 735 2160 suas
769 2096 869 2160 libere
902 2103 936 2160 et
970 2097 1040 2160 sine
1076 2096 1333 2162 contradictione
1369 2097 1479 2182 aliqua

427 2219 485 2283 pro
509 2199 680 2262 voluntate
711 2221 771 2263 sua
801 2199 960 2274 excolant,
985 2205 1020 2263 et
1050 2198 1150 2264 tabor
1173 2199 1304 2276 faciant,
1336 2222 1358 2264 a
1379 2207 1478 2285 ponte

428 2301 468 2364 de
491 2300 693 2366 Fulebrooke
726 2302 894 2386 usquead
925 2301 1049 2366 fontem
1081 2301 1121 2365 de
1145 2300 1379 2366 Ruteleshnlle.
1426 2301 1480 2366 Ita

428 2403 564 2486 quodsi
588 2403 628 2468 de
658 2425 772 2489 campo
803 2403 958 2488 praedicto
989 2403 1025 2466 in
1055 2425 1120 2489 quo
1150 2403 1274 2468 factum
1297 2409 1348 2468 est
1371 2404 1478 2480 iulum

426 2529 502 2592 pars
533 2508 683 2592 quaedam
713 2515 882 2572 remaneat
909 2507 1034 2572 inculta
1064 2509 1135 2572 sine
1163 2508 1269 2586 blado,
1293 2509 1328 2572 in
1361 2508 1476 2573 eadem

426 2615 519 2693 parte
542 2609 713 2674 habebunt
735 2609 884 2694 praedicti
910 2609 1068 2674 Ricardus
1101 2615 1135 2673 et
1158 2610 1294 2675 heredes
1317 2611 1369 2673 sui
1392 2631 1478 2674 com-

426 2733 561 2775 munem
584 2734 658 2776 cum
681 2713 800 2776 abbate
824 2717 858 2775 et
889 2717 1052 2776 conventu
1086 2723 1121 2775 et
1155 2712 1231 2788 suis,
1255 2713 1326 2776 sine
1350 2717 1478 2776 contra-

427 2815 570 2880 dictione
604 2822 664 2880 aut
698 2815 854 2880 molestia.
924 2816 1084 2880 Similiter
1116 2817 1143 2878 si
1179 2816 1295 2880 villani
1328 2817 1477 2902 praedicti

425 2917 557 2984 Ricardi
585 2919 694 2984 nolint
725 2919 886 2984 inhokare
917 2926 1020 2984 terras
1051 2941 1127 2983 suas
1158 2919 1245 2984 infra
1283 2920 1477 3005 praedictum

424 3019 523 3086 inlice
554 3023 641 3098 sitas,
664 3021 836 3086 habebunt
865 3021 1005 3086 liberum
1036 3022 1217 3106 ingressum
1250 3029 1284 3086 et
1313 3044 1476 3109 egressum

424 3125 467 3190 ad
489 3125 733 3189 warectandom
766 3147 829 3188 eas.
876 3123 1038 3188 Praeterea
1073 3129 1272 3189 memoratus
1306 3125 1476 3202 Ricardus,

424 3250 483 3314 pro
505 3251 539 3293 se
563 3235 597 3292 et
620 3228 793 3292 heredibus
816 3228 892 3306 suis,
910 3227 1067 3291 concessit
1090 3227 1187 3291 dictis
1208 3227 1320 3292 abbati
1344 3233 1379 3292 et
1401 3251 1475 3300 oon·

424 3331 549 3406 ventui,
566 3339 599 3395 et
629 3352 742 3395 eorum
765 3329 1012 3405 successoribus,
1036 3329 1123 3413 quod
1154 3329 1302 3394 homines
1333 3331 1373 3394 de
1398 3330 1475 3396 Cor-

424 3440 517 3498 stone
541 3431 638 3496 etde
670 3432 856 3508 Rodburne,
879 3432 936 3516 qni
961 3433 1007 3502 eis
1030 3453 1122 3495 arare
1147 3431 1268 3495 debent
1290 3433 1326 3495 in
1358 3433 1475 3519 Kyng·

424 3533 671 3619 boresl'orlonge,
704 3534 856 3620 aperiant
890 3533 1046 3597 breckam
1084 3534 1120 3596 in
1151 3533 1272 3597 tbssato
1311 3556 1410 3618 super
1443 3535 1476 3599 la

424 3639 541 3704 Donne
566 3639 600 3700 in
625 3645 713 3702 terra
735 3637 884 3723 praedicti
909 3635 1051 3712 Ricardi,
1067 3635 1123 3698 ubi
1149 3636 1235 3699 idem
1260 3636 1419 3702 Ricardus
1442 3644 1475 3702 et

375 3745 378 3756 '
424 3741 558 3806 heredes
582 3739 632 3804 sui
657 3761 715 3825 per
737 3739 881 3823 aliquem
904 3761 1040 3802 suorum
1063 3738 1229 3824 assignare
1254 3739 1426 3816 voluerint,
1443 3747 1477 3804 et

424 3841 470 3906 ibi
493 3841 639 3906 habeant
669 3840 817 3926 praedicti
849 3840 999 3904 homines
1029 3839 1214 3925 ingressum
1245 3847 1279 3903 ot
1302 3863 1474 3927 egressum,

424 3967 527 4029 usqne
551 3945 708 4030 praedicta
731 3950 818 4008 terra
843 3943 888 4006 sit
918 3942 1130 4019 a1·ata‚sicut
1164 3943 1200 4005 in
1236 3947 1382 4028 ternpore
1406 3943 1474 4007 Ma-

422 4047 493 4111 thai
516 4047 620 4132 patris
643 4045 723 4112 dicti
747 4044 880 4110 Ricardi
904 4046 1023 4110 habere
1047 4053 1295 4110 consueverunt.
1335 4046 1474 4110 Etcum

423 4159 511 4214 terra
540 4154 720 4214 memorata
751 4153 845 4212 arata
878 4148 987 4222 tuerit,
1011 4131 1160 4233 praedicti
1194 4145 1342 4210 homines
1375 4149 1473 4212 fossa·

422 4260 494 4318 tum
533 4252 615 4316 illud
657 4249 778 4316 debent
812 4251 943 4336 origem,
977 4252 1025 4314 ita
1057 4250 1261 4335 tempestive,
1297 4251 1383 4335 quod
1419 4251 1474 4314 Ri-

423 4358 539 4423 cardns
562 4365 596 4422 et
618 4356 753 4421 heredes
777 4354 837 4424 sui,
861 4355 1027 4419 occasione
1059 4353 1175 4418 fossati
1207 4351 1321 4438 aperti,
1345 4352 1473 4417 nullum

424 4462 602 4546 dampnum
643 4461 820 4524 incurrant.
883 4456 954 4520 Nee
987 4455 1088 4520 abbas
1123 4461 1158 4520 et
1196 4461 1377 4519 conventus
1416 4462 1474 4520 aut

423 4584 534 4628 eornm
567 4568 717 4626 tenentes
748 4559 914 4624 occasione
947 4557 1047 4642 hujus
1081 4557 1298 4622 concessionis
1330 4579 1474 4622 commu-

422 4688 498 4730 nam
522 4671 581 4730 aut
602 4663 734 4750 aliquod
754 4662 810 4746 jus
834 4661 868 4724 in
891 4661 1023 4745 propria
1046 4665 1181 4746 pastura
1203 4659 1346 4734 Ricardi‚
1363 4661 1414 4726 vel
1438 4661 1474 4724 in

423 4770 554 4834 defenso
592 4767 663 4852 ejus
698 4764 837 4851 proprio,
872 4763 935 4828 sibi
969 4767 1151 4850 potnerunt
1181 4763 1364 4828 vendicare.
1411 4763 1472 4829 Pro
