3578 5808
526 925 724 982 enorsrauu
748 925 1071 981 uunrsnuarrrsr.
1283 914 1325 981 69

273 1113 478 1201 colligentur,
508 1122 543 1182 et
574 1116 611 1182 in
645 1117 819 1204 predictos
853 1139 933 1183 usus
969 1114 1157 1184 candelabri
1191 1137 1326 1182 conver·

273 1221 393 1283 tantur.
441 1218 497 1285 Its
511 1219 645 1305 quidem
667 1226 707 1286 ut
728 1221 840 1287 nullus
864 1221 1008 1298 sacrista,
1027 1241 1084 1286 seu
1108 1218 1218 1305 quivis
1241 1218 1326 1286 clius

272 1321 348 1388 inde
370 1345 404 1388 sc
427 1323 633 1392 intromittat
663 1326 790 1393 ratione
814 1325 1014 1394 obedienciae
1044 1345 1121 1402 suae,
1145 1323 1209 1388 nisi
1240 1323 1326 1390 sicut

273 1431 492 1511 praenotatum
532 1433 590 1494 est.
652 1429 697 1494 Et
728 1452 770 1495 ne
804 1429 866 1496 hoc
902 1427 1042 1516 posteris
1081 1427 1258 1492 devocetur
1289 1426 1326 1490 in

273 1528 409 1594 dubium
432 1531 588 1617 prasenti
611 1533 781 1619 scripturae
803 1530 913 1619 sigilla
935 1535 1048 1597 nostra
1071 1527 1290 1615 apposuimus

675 1772 755 1840 OnP.
780 1772 934 1840 CCXIII.

328 1926 377 1991 Dc
397 1929 488 1992 terra
511 1947 660 1993 oenomao
686 1925 722 1992 B.
744 1923 820 2010 filio
843 1923 1015 1992 beneberti
1038 1924 1136 2012 opud
1159 1927 1278 1992 Escotc.

316 2065 488 2132 Universis
521 2065 648 2133 Christi
685 2065 849 2144 fidelibus,
872 2066 916 2132 ad
946 2089 1028 2153 quos
1058 2088 1202 2154 praescns
1233 2062 1459 2132 eructantia

272 2168 466 2253 pervenere,
488 2168 520 2235 J.
543 2167 607 2234 nei
629 2168 739 2256 gracia
767 2169 869 2234 aeras
896 2169 1148 2246 numerare,
1171 2173 1206 2234 a
1238 2137 1452 2256 ejus-{sttbo

273 2269 347 2336 dem
369 2269 433 2337 loci
457 2277 650 2350 conventus,
673 2271 815 2337 salutem
838 2276 996 2338 aeternam
1019 2271 1056 2336 in
1071 2272 1222 2338 Domino.
1269 2269 1464 2335 Adtamberr.

272 2372 498 2440 universitatis
532 2378 651 2440 vestrae
683 2373 839 2440 noticiam
875 2373 1027 2439 volumus
1058 2373 1237 2460 pervenire,
1267 2394 1326 2438 nos

272 2475 422 2541 unanimi
460 2477 633 2544 voluntate
671 2480 706 2542 et
743 2495 902 2543 consensu
941 2477 1148 2543 confirmasse
1186 2475 1223 2542 Β.
1257 2475 1326 2541 filio

273 2575 449 2657 Lambcrti,
474 2582 509 2644 et
529 2577 707 2645 heredibus
730 2577 784 2644 vel
807 2578 983 2665 assignetis
1006 2579 1083 2657 suis,
1098 2577 1325 2644 venditionem

273 2679 375 2744 totius
397 2685 493 2746 terrae
528 2679 618 2748 illius
649 2681 686 2744 in
718 2679 859 2760 Estcote,
883 2702 958 2746 cum
988 2701 1112 2758 manso,
1135 2679 1324 2766 curtelagio‚

273 2786 307 2846 ct
328 2783 480 2848 omnibus
502 2783 712 2870 pertinentiis
735 2783 812 2861 suis,
836 2805 936 2870 quam
959 2783 1002 2847 H.
1026 2783 1067 2848 de
1092 2782 1269 2860 Sortewoe,
1284 2781 1325 2847 de

272 2905 430 2952 consensu
455 2887 492 2952 A.
515 2886 628 2952 uxoris
652 2909 720 2952 suae
755 2893 789 2952 et
811 2885 970 2952 heredum
992 2909 1135 2965 suorum,
1157 2908 1217 2974 pro
1245 2907 1325 2950 xxx,

274 2987 389 3054 mercis
407 2989 546 3076 argenti,
561 2988 650 3055 dicto
674 2987 711 3054 B.
729 2986 888 3067 vendidit,
904 2992 939 3053 et
961 3009 1021 3076 pro
1044 2992 1128 3054 sect
1149 2986 1326 3053 heredibus

274 3089 339 3154 suis
370 3091 615 3178 imperpetuum
649 3091 796 3177 quietam
835 3089 999 3169 clamavit,
1032 3095 1067 3155 ct
1098 3087 1227 3175 omnej
1292 3093 1327 3152 et

275 3191 456 3258 dominium
479 3193 569 3280 quod
591 3193 627 3258 in
646 3215 686 3259 ea
707 3191 826 3260 hebuit
850 3191 1040 3279 abjuravit;
1062 3191 1228 3258 reddendo
1248 3189 1326 3255 inde

273 3294 366 3360 nobis
388 3301 423 3361 et
445 3295 683 3364 successoribus
706 3295 828 3362 nostris
851 3295 896 3360 iii.
921 3294 977 3361 sol.
1003 3293 1260 3382 sterlinguorum
1291 3297 1326 3356 et

273 3397 331 3462 iiii.
355 3397 385 3462 d.
409 3397 449 3463 de
481 3397 603 3484 gabulo
634 3399 744 3476 assiso,
768 3397 919 3464 terminis
940 3397 984 3462 ab
1017 3397 1155 3482 antiquo
1189 3395 1326 3461 statutis

270 3501 453 3579 solvendos,
483 3507 517 3567 et
551 3501 592 3566 de
617 3501 769 3588 yeresiua
800 3501 843 3568 vi.
876 3501 928 3581 d.;
965 3505 1000 3567 ct
1029 3499 1070 3565 de
1101 3521 1167 3566 uno
1200 3498 1327 3566 auxilio

271 3603 315 3668 vi.
339 3603 379 3682 d.,
395 3609 430 3669 ct
453 3604 525 3670 den.
549 3603 664 3670 Sancti
687 3601 786 3670 Petri.
831 3601 876 3668 Et
903 3603 946 3670 ad
976 3601 1147 3670 scotallsm
1169 3607 1325 3680 nostram,

270 3705 300 3770 si
324 3706 359 3769 in
389 3705 536 3773 manerio
559 3705 600 3771 de
623 3701 874 3791 Ored[dewelle]
906 3703 1052 3792 aliquam
1088 3705 1267 3783 fecerimus
1291 3703 1324 3771 ii.

270 3806 354 3887 den,
377 3814 412 3874 et
434 3830 494 3896 pro
516 3805 699 3874 cbirchsote
722 3811 757 3873 et
779 3805 932 3874 omnibus
954 3805 1029 3873 aliis
1052 3806 1198 3872 serviciis
1221 3804 1325 3872 forin-

270 3910 362 3989 secis
396 3909 439 3977 ad
471 3910 595 3978 dictam
629 3915 752 3976 terram
786 3907 1041 3996 pertinentibus,
1075 3909 1133 3974 xii.
1167 3901 1239 3974 den.
1264 3909 1324 3986 ob.,

269 4010 423 4078 terminis
453 4012 574 4079 debitis
596 4016 631 4080 et
652 4011 825 4091 consuetis,
847 4033 906 4100 per
934 4032 1070 4078 manum
1093 4010 1261 4099 praepositi
1284 4009 1450 4077 decuere.

270 4113 536 4202 Ored[dewelle],
559 4115 654 4183 nobis
678 4119 714 4182 et
737 4113 976 4182 successoribus
1002 4115 1124 4181 nostris
1150 4112 1325 4193 solvendis,

267 4240 332 4306 pro
355 4217 445 4285 omni
475 4218 613 4286 servicio
644 4218 687 4286 ad
719 4239 778 4284 nos
801 4215 855 4284 vel
888 4216 931 4284 ad
966 4237 1164 4284 successores
1196 4223 1325 4284 nostros

266 4321 466 4408 pertinente.
514 4319 614 4388 Soivo
649 4319 788 4388 servicio
820 4320 945 4387 domini
977 4321 1064 4408 regis
1087 4325 1248 4406 quantum
1280 4319 1324 4388 ad

267 4423 444 4490 dimidiam
466 4423 631 4512 virgatam
654 4428 751 4490 terrra
774 4422 929 4510 pertinet.

314 4521 497 4592 Praedictus
521 4547 599 4592 vero
621 4525 657 4592 Β.
678 4530 712 4591 et
734 4523 871 4592 heredes
893 4523 947 4589 vel
969 4523 1128 4610 assignati
1152 4523 1211 4604 sui,
1228 4523 1323 4590 nobis

261 4633 301 4696 et
325 4629 564 4696 successoribus
587 4629 709 4695 nostris
732 4628 773 4693 de
796 4627 949 4694 omnibus
972 4626 1165 4704 redditibus,
1187 4647 1323 4694 consue-

259 4733 450 4812 tudinibus,
473 4737 508 4800 ct
530 4735 677 4801 serviciis
693 4733 873 4800 nominetis
896 4731 1079 4798 addictam
1101 4736 1224 4797 terram
1248 4755 1321 4819 per·

259 4836 454 4904 tinentibus
476 4837 720 4925 imperpetuum
744 4840 842 4902 erunt
877 4833 1086 4900 intendentes
1121 4839 1155 4899 et
1191 4855 1323 4920 respon*
