3584 5810
416 903 481 965 380
825 909 1002 958 Arearum
1028 912 1054 960 re

459 1200 552 1266 Fecit
567 1199 668 1264 etiarn
683 1197 861 1283 depingere
883 1194 1014 1261 tabulas
1033 1195 1077 1259 ad
1099 1194 1204 1260 altare
1219 1193 1332 1258 Beatae
1351 1191 1467 1257 Mariae

414 1302 629 1388 Magdalenae‚
653 1321 712 1387 pro
736 1299 857 1384 quibus
880 1298 973 1363 dedit
996 1319 1051 1361 xx,
1067 1319 1090 1362 a.

461 1405 585 1470 Multas
619 1405 720 1468 etiam
759 1409 863 1467 terras
899 1406 934 1466 et
971 1399 1121 1464 redditus
1156 1405 1190 1464 et
1227 1398 1394 1485 portiones
1424 1396 1468 1464 ad

416 1507 600 1572 manerium
624 1505 665 1570 de
681 1502 767 1569 Albo
783 1502 985 1568 Monasterio
1007 1501 1226 1588 perquisivit.1
1263 1501 1467 1588 Augmenta-

417 1609 469 1673 vit
500 1610 601 1674 etiam
633 1608 819 1694 portionem
842 1605 1029 1672 elemosinae
1051 1624 1110 1690 pro
1134 1605 1187 1669 die
1211 1603 1359 1682 Sabbati,
1382 1603 1468 1667 sieut

414 1714 510 1796 patet
543 1708 675 1796 plenius
709 1708 745 1771 in
776 1711 869 1773 carta
902 1706 1028 1771 domini
1058 1705 1217 1770 Wilielmi
1256 1704 1386 1770 abbatis
1424 1703 1466 1768 de

414 1811 637 1897 assignatione
668 1809 862 1875 elemosinae.
919 1807 1023 1873 Dedit
1059 1808 1194 1893 insuper
1231 1807 1267 1870 in
1303 1803 1466 1872 auxilium

414 1913 630 1998 aquaeductus
653 1934 684 1978 x.
708 1931 841 1978 mareas,

460 2015 559 2081 Unde
592 2015 742 2081 volentes
780 2015 918 2100 dignum
957 2013 1143 2100 operarium
1181 2011 1283 2100 digna
1319 2009 1468 2076 mercede

416 2137 634 2194 remunerare,
657 2139 699 2182 ex
723 2115 882 2181 uniformi
904 2135 1038 2182 assensu
1065 2121 1100 2180 et
1122 2114 1295 2180 voluntate
1325 2113 1467 2178 fratrum

415 2224 602 2284 nostrorum
631 2218 851 2286 concessimus
877 2217 982 2282 eidem
1007 2215 1173 2282 Willelmo
1202 2237 1303 2280 unam
1334 2215 1468 2281 missam

416 2322 593 2407 specialem
626 2321 662 2385 in
694 2325 861 2387 conventu
892 2325 1005 2384 nostro
1036 2340 1112 2385 cum
1139 2317 1274 2404 placebo
1298 2322 1332 2383 et
1354 2317 1467 2401 diripe

416 2425 555 2510 singulis
593 2425 689 2490 annis
727 2425 980 2510 imperpetuum,
1019 2423 1072 2488 die
1111 2443 1176 2508 quo
1214 2422 1325 2487 obitus
1362 2420 1466 2507 ipsius

416 2527 575 2593 Willelmi
612 2528 649 2592 in
695 2527 841 2613 capitulo
879 2532 993 2592 nostro
1030 2525 1133 2591 fuerit
1177 2525 1363 2602 nunciatus
1403 2523 1467 2590 hoc

416 2629 596 2706 observato
634 2629 723 2714 quod
768 2629 954 2714 quicunque
1000 2628 1053 2693 die
1098 2627 1317 2693 anniversarii
1362 2627 1465 2711 ipsius

415 2731 525 2796 fratris
550 2731 601 2804 W,
624 2733 757 2797 missam
780 2731 1005 2808 celebraverit,
1028 2735 1062 2794 et
1092 2731 1149 2816 qui
1172 2750 1287 2816 capam
1310 2729 1347 2793 in
1369 2726 1466 2793 choro

414 2833 607 2919 portaverit,
646 2832 757 2898 casula
794 2831 984 2918 supradicta
1021 2852 1096 2897 cum
1134 2831 1209 2898 alba
1243 2835 1277 2896 et
1308 2851 1389 2916 capa
1422 2828 1466 2896 ed

416 2935 560 3013 chorum,
583 2957 657 3002 cum
681 2935 747 3001 alia
769 2935 845 3000 alba
866 2939 1148 3022 supramemorata
1169 2934 1398 3000 revestiantur.

246 3090 331 3170 Attun
343 3093 372 3142 of
464 3087 713 3154 Memorandum
745 3087 832 3172 quod
863 3108 938 3152 cum
960 3107 1020 3152 nos
1044 3085 1231 3152 Willelmus
1254 3086 1294 3151 de
1319 3084 1465 3162 Uolane,

246 3173 401 3289 pyrngffl
418 3189 481 3256 Dei
497 3192 605 3277 gratia
619 3190 721 3255 abbas
737 3189 988 3268 Malmesburiae,
1004 3189 1281 3277 assignaverimus
1296 3187 1340 3254 ad
1356 3190 1466 3274 pitan-

247 3289 331 3370 ⁰¹1¹}ss
418 3294 502 3359 ciam
526 3299 707 3360 conventus
730 3294 834 3358 nostri
867 3293 948 3358 xliii.
970 3317 992 3360 s.
1026 3315 1085 3380 pro
1108 3293 1332 3359 anniversario
1354 3297 1467 3358 nostro

246 3373 364 3489 ἓξξῗῑῗ
417 3396 555 3483 singulis
578 3396 674 3462 annia
696 3397 940 3482 imperpetuum
962 3395 1119 3473 faciendo,
1143 3401 1178 3462 et
1201 3415 1300 3461 unam
1324 3415 1467 3462 maroam

247 3491 545 3585 ‘trentenargenti
575 3519 634 3584 pro
664 3499 898 3565 anniversariis
929 3499 1032 3584 patris
1064 3504 1098 3565 et
1127 3499 1243 3564 matris
1273 3502 1393 3564 nostrae
1416 3497 1466 3564 fa-

415 3600 548 3678 ciendis,
582 3602 788 3688 providimns
823 3607 857 3666 et
886 3601 1066 3667 statuimus
1098 3607 1133 3668 et
1169 3602 1207 3666 in
1243 3601 1370 3667 virtute
1403 3601 1465 3666 Dei

415 3705 631 3791 praecipimus,
655 3705 742 3791 quod
776 3709 957 3771 conventus
981 3709 1093 3770 noster
1122 3704 1246 3772 habeat
1274 3706 1316 3770 de
1344 3704 1465 3770 eisdem

416 3805 559 3870 denariis
596 3806 735 3893 singulis
773 3806 870 3872 annis
909 3827 1013 3870 unum
1048 3805 1179 3871 duleum
1211 3807 1283 3871 vini
1317 3806 1397 3880 clari
1433 3791 1468 3871 et

415 3906 593 3992 purissimi,
617 3913 652 3972 et
682 3908 770 3992 quod
800 3907 885 3972 illud
911 3907 1043 3974 duleum
1066 3909 1173 3994 primo
1195 3908 1391 3974 attamietur
1412 3907 1467 3973 die

414 4009 633 4074 anniversalii
656 4009 771 4087 nostri,
787 4015 827 4074 ut
850 4010 908 4095 qui
930 4009 1009 4076 inde
1032 4009 1188 4090 biberint,
1204 4011 1324 4076 animae
1347 4015 1466 4076 nostrae

415 4133 574 4178 memores
607 4114 683 4191 sint,
716 4113 832 4181 divine
871 4117 1060 4182 orationum
1093 4116 1249 4205 suffragia
1280 4139 1339 4204 pro
1371 4116 1466 4182 nobis
1506 4149 1510 4156 ·

415 4213 486 4280 Deo
509 4215 721 4282 infundendo

419 4379 552 4386 --·—-··—-
568 4381 634 4386 -—-—
650 4380 751 4386 —-—--
765 4381 804 4386 -⁴—-
830 4381 870 4386 -·--
886 4382 894 4385 -
912 4382 941 4386 --
956 4382 973 4386 -
994 4383 1006 4386 -
1036 4383 1045 4386 -
1058 4382 1102 4388 —-·-
1118 4378 1465 4394 -——-—-——d——--·-....-.

572 4461 579 4496 ¹
598 4462 681 4514 These
692 4469 741 4514 two
752 4460 816 4514 lines
826 4463 892 4514 have
902 4465 967 4514 been
979 4479 1026 4514 run
1037 4463 1148 4531 through
1160 4464 1220 4515 with
1232 4481 1249 4515 a
1259 4481 1316 4530 pem
