3566 5820
269 3680 387 3732 Another

441 869 506 934 112
693 883 894 934 nronrruu
918 881 1243 933 umuaeeuumnea

438 1077 546 1138 totum
564 1072 622 1158 jue
645 1078 681 1140 et
700 1073 864 1154 clamium,
884 1075 974 1161 quod
993 1074 1030 1139 in
1054 1073 1168 1140 eodem
1183 1072 1366 1138 ministerio
1389 1069 1492 1138 habui

438 1174 493 1240 vel
526 1174 647 1242 habere
671 1177 775 1263 potui,
801 1197 878 1245 cum
902 1176 1107 1253 liberatione,
1133 1175 1317 1264 stipendiis,
1354 1180 1389 1240 et
1422 1196 1490 1241 om-

438 1277 538 1343 nibue
561 1279 636 1346 aliis
667 1281 766 1346 rebus
788 1285 824 1346 et
849 1280 1061 1347 libertatibus
1083 1281 1127 1348 ad
1150 1280 1345 1366 praedictum
1377 1279 1491 1342 minis-

438 1381 558 1445 terium
581 1381 693 1468 aliquo
706 1373 783 1468 jure
805 1381 1059 1469 pertinentibus,
1078 1381 1203 1448 eisdem
1224 1380 1339 1447 abbati
1361 1385 1395 1446 et
1414 1401 1490 1446 con-

437 1485 564 1562 ventui,
586 1506 646 1571 pro
669 1507 721 1550 me
745 1492 779 1551 et
801 1507 862 1571 pro
887 1485 1064 1551 heredibus
1089 1485 1180 1562 meis,
1206 1485 1277 1550 sine
1307 1483 1376 1548 ullo
1405 1488 1490 1548 rete-

438 1592 591 1653 nemento
612 1588 864 1674 imperpetuum,
880 1589 1031 1674 quietum
1054 1587 1203 1654 clamavi.
1250 1587 1305 1653 Ita
1327 1587 1417 1672 quod
1430 1608 1490 1652 nec

438 1712 505 1775 ego,
531 1711 592 1756 nec
623 1689 743 1775 aliquis
774 1690 933 1756 heredum
971 1690 1025 1756 vel
1060 1691 1302 1777 assignatorum
1334 1710 1489 1766 meorum,

438 1792 564 1878 aliquid
582 1792 669 1878 juria
691 1792 745 1857 vel
768 1793 878 1857 olamii
893 1792 929 1857 in
945 1794 1059 1859 eodem
1079 1791 1272 1871 ministerio,
1288 1791 1489 1868 liberatione,

438 1894 620 1980 stipendiis,
644 1899 703 1960 aut
725 1893 892 1979 aliquibus
914 1894 989 1961 aliie
1011 1893 1118 1974 rebus,
1133 1899 1193 1960 aut
1215 1894 1425 1960 libertatibus
1447 1893 1490 1958 ad

438 1995 633 2082 praedictum
665 1995 885 2062 ministerium
918 1996 1085 2082 praedictae
1104 1996 1217 2082 januae
1250 1996 1361 2081 aliquo
1393 1995 1489 2060 modo
1601 2075 1605 2083 Ι

438 2099 688 2185 pertinentibus,
710 2098 806 2165 nobie
822 2099 996 2166 vendicare
1011 2099 1172 2186 possimus
1195 2098 1307 2184 aliquo
1322 2103 1489 2184 tempore;

438 2202 495 2267 sed
518 2201 617 2268 liceat
640 2201 807 2288 praedictis
830 2203 945 2269 abbati
961 2207 997 2268 et
1011 2202 1191 2269 conventui
1214 2206 1383 2267 eteorum
1417 2223 1489 2267 euc-

438 2303 618 2371 ceeeoribue
640 2305 682 2370 de
704 2305 862 2391 praedicto
885 2305 1069 2390 ministerio
1085 2304 1252 2391 praedictae
1270 2305 1384 2390 januae
1403 2303 1489 2369 ordi-

437 2430 516 2474 nare
548 2413 583 2472 et
616 2406 795 2495 disponere,
829 2413 928 2494 prout
962 2408 1168 2474 commodum
1199 2406 1342 2473 ecclesiae
1376 2427 1488 2474 eorum

437 2511 555 2576 melius
589 2510 737 2576 viderint
768 2511 932 2597 expedire,
962 2512 1033 2576 eine
1071 2511 1186 2597 aliqua
1221 2509 1488 2588 contradictione,

438 2613 614 2680 vexatione
637 2612 692 2679 vel
713 2613 945 2680 reclamatione
968 2615 1033 2678 mei
1056 2613 1110 2679 vel
1133 2612 1299 2692 heredum,
1315 2633 1373 2678 eeu
1388 2613 1489 2699 aaeig-

439 2721 593 2782 natorum
623 2737 780 2796 meorum,
805 2717 1058 2804 imperpetuum.
1105 2716 1150 2782 Et
1187 2717 1224 2782 in
1262 2716 1488 2782 testimonium

439 2819 540 2904 hujus
561 2819 762 2885 remissionis
792 2825 828 2886 et
860 2820 981 2906 quietae
1016 2820 1200 2886 clamentiae
1233 2819 1296 2885 hoc
1329 2818 1488 2904 scriptum

439 2924 562 2988 eisdem
595 2921 709 2990 abbati
741 2928 775 2990 et
806 2924 984 2992 conventui
1018 2923 1090 3000 feci,
1114 2927 1148 2990 et
1177 2922 1286 3010 sigillo
1317 2944 1389 2988 meo
1423 2922 1489 3008 eig-

438 3049 526 3093 navi.

809 3273 889 3341 CAP.
915 3271 1111 3340 OOXLVH.

438 3429 546 3495 Oarto
583 3426 745 3494 Nieboloe'
774 3428 853 3514 filii
893 3429 937 3496 W.
973 3429 1149 3496 Joue’torte
1179 3429 1219 3495 de
1247 3428 1379 3496 (luobus
1402 3436 1488 3496 teue-

671 3531 795 3596 owutie
818 3531 860 3598 tu
882 3531 969 3596 villu
992 3530 1251 3598 Mulonceburica.

483 3671 599 3738 Sciant
621 3675 799 3758 praeeentee
822 3677 856 3737 et
880 3671 995 3750 futuri,
1012 3672 1099 3757 quod
1116 3693 1175 3758 ego
1196 3671 1385 3751 NicholauS,
1401 3671 1489 3736 filius

268 3748 404 3798 ‘⁰¹⁰²⁵⁰⁰f
439 3772 597 3841 Willelmi
619 3773 781 3840 Janitorie
804 3774 845 3838 de
873 3773 1115 3852 Malmeeburia‚
1138 3774 1249 3839 remisi
1271 3780 1306 3839 et
1339 3775 1488 3860 quietum

268 3813 312 3864 the
324 3829 399 3866 same.

438 3877 587 3955 clamavi,
610 3897 670 3963 pro
692 3897 744 3941 me
767 3880 802 3941 et
823 3897 883 3962 pro
913 3875 1089 3941 heredibus
1123 3877 1204 3942 maie
1238 3877 1489 3963 imperpetuum,

438 3980 579 4046 dominis
602 3979 684 4044 meis
706 3977 820 4044 abbati
844 3982 878 4043 et
900 3979 1079 4045 conventui
1103 3975 1353 4059 Melmeeburiae,
1377 3981 1489 4045 minis-

437 4084 557 4147 terium
576 4082 689 4168 januae
720 4081 863 4146 abbatiae
897 4080 1148 4160 Malmesburiae,
1183 4104 1258 4148 oum
1289 4084 1356 4148 suis
1389 4085 1488 4170 perti-

437 4187 569 4264 nentiis,
585 4189 619 4250 et
635 4184 700 4248 duo
719 4188 908 4251 tenementa
923 4183 959 4254 in
978 4205 1100 4271 magna
1115 4189 1220 4250 strata
1234 4183 1322 4249 villae
1339 4185 1486 4251 Malmes-

438 4289 552 4365 buriae,
588 4308 665 4353 oum
697 4286 891 4374 cartillagiie
923 4291 957 4352 et
991 4286 1143 4352 omnibus
1175 4287 1249 4354 aliie
1281 4288 1489 4374 pertinentiis

438 4391 527 4470 euie;
550 4389 609 4456 illa
641 4389 765 4456 scilicet
797 4412 936 4475 quorum
959 4411 1064 4454 unum
1098 4389 1201 4455 sitmn
1224 4393 1274 4455 est
1296 4390 1384 4456 inter
1407 4413 1489 4456 mee-

439 4492 574 4578 uegium
600 4491 794 4578 Randulphi
818 4492 858 4557 de
881 4493 916 4556 le
939 4491 1047 4570 Porte,
1070 4513 1113 4556 ex
1136 4513 1203 4557 una
1226 4499 1329 4579 parte,
1353 4497 1387 4558 et
1409 4515 1492 4558 mee-

439 4595 575 4680 uegium
611 4593 773 4659 Johannie
805 4593 836 4658 le
870 4591 1014 4672 Tannur,
1052 4615 1094 4659 ex
1121 4594 1226 4660 altera
1259 4601 1370 4680 parte3
1401 4595 1493 4660 aliud

438 4719 517 4762 vero
552 4700 779 4761 tenementum
819 4695 920 4759 eitum
954 4700 1005 4760 est
1039 4695 1127 4760 inter
1166 4695 1299 4761 domum
1335 4695 1491 4761 Willelmi

440 4801 523 4872 Pavi
547 4805 582 4866 et
604 4801 737 4868 domurn
760 4799 927 4888 quondam
951 4797 1070 4886 Helyae
1093 4799 1251 4867 Pistoris:
1283 4799 1439 4868 Tenenda
1459 4807 1494 4868 et
