3526 5810
259 1077 278 1128 l.
289 1081 335 1160 m
346 1077 368 1127 t.

429 859 494 924 288
682 873 882 924 usarsrsun
906 871 1229 924 nnnnnssusrsuss.

428 1063 464 1128 in
486 1062 522 1129 lu
545 1061 747 1130 Rowaoaarae
772 1064 808 1127 in
840 1067 934 1149 parta
956 1062 1096 1128 australi
1128 1069 1163 1128 et
1194 1062 1348 1129 orientali
1382 1063 1423 1128 de
1448 1063 1484 1128 lu

431 1164 612 1252 (iroforofte
635 1167 676 1232 de
700 1165 929 1252 Fonlesvyke‚
952 1186 1021 1231 una
1051 1185 1127 1232 eum
1162 1165 1221 1231 illa
1252 1164 1385 1231 brechia
1407 1187 1483 1252 quae

429 1292 463 1335 sa
486 1268 638 1335 extendit
660 1291 681 1335 a
703 1274 810 1334 strata
832 1269 966 1356 publiea
981 1290 1055 1354 quae
1071 1268 1258 1355 appelletur
1273 1269 1484 1354 Batlreveye,

417 1373 551 1438 ·direote
567 1393 670 1458 usqua
693 1371 736 1437 ad
759 1369 878 1437 silvam
901 1371 1039 1438 Robarti
1055 1371 1197 1457 Kaynel,
1214 1371 1301 1436 inter
1316 1371 1483 1438 brachium

428 1474 587 1542 Willelmi
598 1474 773 1541 Laofstme
789 1479 824 1540 et
838 1474 861 1539 J
862 1475 1002 1540 ohannis
1017 1474 1048 1540 le
1064 1474 1169 1561 Kyng
1179 1475 1215 1538 in
1226 1479 1321 1561 parte
1336 1475 1484 1552 australi,

428 1583 464 1644 et
489 1577 610 1644 croftas
633 1576 714 1642 sve
747 1577 788 1642 de
819 1577 853 1643 la
884 1577 991 1660 Mersa
1024 1577 1060 1642 in
1092 1583 1188 1663 parta
1222 1577 1418 1663 aquilonari,
1450 1583 1486 1644 et

429 1681 517 1767 ipsas
540 1685 645 1746 terras
667 1679 825 1746 claudant
847 1683 883 1744 at
916 1679 952 1744 in
984 1679 1119 1746 defenso
1150 1685 1289 1746 teneant
1322 1680 1484 1767 imperpe-

428 1788 533 1849 tuum.
580 1783 636 1848 Ita
657 1787 770 1849 tamen
792 1783 881 1868 quod
904 1803 972 1869 prae
996 1781 1125 1849 defectu
1149 1783 1326 1850 elarrstrnae
1348 1785 1385 1848 in
1399 1805 1484 1870 prae·

429 1885 527 1952 dietis
549 1885 645 1951 terris
668 1883 771 1964 faeta,
806 1884 920 1950 averia
953 1905 1026 1952 mea
1057 1885 1112 1950 val
1143 1885 1300 1952 heredum
1335 1907 1482 1952 meorum

429 2010 527 2075 super
558 1988 731 2075 praediatas
753 1993 857 2054 terras
885 1987 1023 2055 invente
1046 2009 1113 2054 non
1136 1989 1264 2076 possint
1285 1990 1483 2076 imparkare,

430 2111 490 2157 nee
516 2091 644 2176 aliquas
666 2092 819 2156 emendas
842 2113 957 2177 capere
980 2090 1034 2157 vel
1058 2091 1197 2178 exigere.
1244 2091 1289 2158 Et
1319 2093 1355 2156 in
1388 2093 1481 2158 testi-

430 2193 578 2260 monium
604 2192 704 2278 hujus
727 2193 942 2260 consessionis
965 2215 1055 2271 meae,
1086 2194 1147 2260 hoe
1179 2195 1336 2282 seriptum
1359 2196 1481 2262 eisdem

430 2295 543 2362 abbati
566 2301 602 2360 et
623 2295 801 2362 eonventui
834 2295 904 2374 feei,
928 2301 962 2362 at
989 2297 1072 2362 illud
1095 2297 1203 2384 sigillo
1236 2319 1310 2364 meo
1343 2299 1480 2386 signavi.

433 2399 510 2465 Hiis
532 2399 683 2476 testibus,
707 2404 767 2464 eto.

812 2701 891 2768 Gar.
924 2701 1099 2770 COOCIX.

597 2855 701 2922 Curta
724 2851 812 2922 Acloe
834 2853 1002 2942 Hording
1025 2853 1065 2923 da
1088 2855 1302 2946 Cisippaliarn.

263 3019 408 3072 nicensem
478 3010 651 3077 Universis
674 3007 801 3076 Clnisti
831 3008 984 3074 fidelibus
1007 3031 1151 3096 praesens
1181 3011 1340 3098 seriptum
1364 3015 1484 3082 visuris

264 3089 372 3139 orrelose.

432 3113 487 3180 vel
508 3111 680 3192 auditrnis,
702 3111 812 3178 Adam
835 3111 990 3198 Harding
1022 3113 1063 3178 de
1095 3111 1311 3200 Ohippaham,
1344 3117 1483 3186 salntem

432 3221 591 3284 eternam
622 3216 659 3281 in
681 3213 833 3281 Domino.
879 3213 1024 3280 Noverit
1054 3216 1253 3282 universitas
1287 3224 1400 3287 vestra
1433 3243 1484 3288 me

433 3320 710 3405 aoneessissepro
733 3339 786 3384 me
808 3321 843 3383 et
864 3315 1041 3383 heredibus
1063 3319 1154 3397 meis,
1170 3319 1303 3387 domino
1318 3321 1483 3390 Willelmo

433 3421 547 3489 abbati
570 3422 611 3488 de
634 3418 875 3497 Malmesbnria,
891 3423 926 3484 at
941 3419 1088 3505 ejusdem
1102 3421 1166 3488 loai
1188 3425 1375 3504 conventui,
1397 3429 1483 3514 quod

433 3524 498 3610 ipsi
531 3523 676 3590 habeant
708 3527 742 3588 at
774 3526 911 3588 teneant
944 3521 1078 3607 pacifice
1116 3523 1359 3611 imperpetuum
1397 3535 1484 3595 totas

434 3631 537 3692 tenes
559 3626 646 3712 ipsos
668 3623 822 3690 abbatem
845 3629 880 3690 at
902 3628 1102 3690 conventum
1125 3627 1353 3715 contingentes
1380 3631 1416 3695 in
1448 3631 1483 3698 la

433 3728 644 3806 Roauamevaa,
667 3726 703 3791 in
729 3732 823 3814 perte
845 3727 983 3794 australi
1007 3732 1041 3793 et
1063 3729 1215 3794 orientali
1247 3731 1287 3797 de
1320 3731 1355 3797 lu
1388 3733 1484 3821 Gros-

433 3831 533 3918 crofte
555 3831 596 3896 de
619 3827 847 3916 Foulesvyke,
870 3851 939 3897 una
961 3849 1035 3896 aum
1060 3828 1158 3917 longe
1180 3831 1314 3899 brechia
1349 3855 1422 3920 quae
1449 3858 1483 3902 se

433 3935 627 4001 extendite
650 3939 755 4000 strate
787 3934 919 4020 publiea
953 3956 1027 4020 quaa
1059 3935 1248 4022 appellatur
1281 3937 1483 4026 Batheveye

432 4039 555 4105 directe
577 4058 680 4122 usque
703 4035 745 4102 ad
768 4035 887 4102 silvam
904 4037 1040 4102 Roberti
1057 4037 1200 4124 Kaynel,
1215 4040 1304 4105 inter
1317 4040 1484 4109 brechiam

432 4140 591 4208 Willalmi
614 4137 788 4205 Leosaone
811 4144 846 4204 at
867 4138 1031 4206 Johannis
1054 4139 1085 4207 la
1110 4141 1202 4228 King
1223 4141 1259 4206 in
1294 4149 1388 4230 parte
1410 4167 1484 4212 aus-

431 4243 518 4321 trali,
534 4247 569 4308 et
590 4241 710 4308 croftas
734 4239 815 4307 Evae
838 4241 879 4307 de
901 4241 934 4308 la
957 4243 1063 4310 Mersa
1094 4244 1131 4308 in
1164 4250 1259 4331 parte
1289 4248 1485 4334 aquilonari,

432 4350 467 4410 et
489 4345 577 4430 ipsas
601 4349 705 4410 terras
727 4341 887 4410 claudant
908 4349 943 4410 et
966 4344 1002 4408 in
1025 4343 1160 4412 defenso
1192 4351 1330 4414 teneant
1363 4350 1484 4438 imper-

431 4453 578 4534 petuum.
624 4446 678 4513 Ita
698 4451 811 4513 tamen
825 4447 914 4532 quod
929 4467 997 4534 prae
1013 4447 1144 4516 defectu
1159 4449 1334 4518 elausturae
1349 4453 1386 4517 in
1401 4475 1485 4542 prae-

433 4550 530 4617 dietis
552 4547 650 4616 terris
680 4547 784 4627 saetae,
811 4549 924 4617 averia
955 4569 1029 4618 mea
1059 4552 1113 4618 vel
1147 4552 1306 4620 heredum
1338 4577 1484 4624 meorum

433 4673 532 4740 super
568 4650 743 4738 praedictas
779 4655 884 4717 terras
921 4652 1061 4720 inventa
1097 4674 1165 4720 non
1199 4656 1328 4742 possint
1364 4657 1485 4748 impar-

433 4755 522 4834 kere,
559 4777 620 4823 naa
657 4753 785 4843 aliquas
814 4755 968 4824 emendas
1001 4777 1115 4847 aspera
1147 4758 1201 4825 val
1234 4759 1371 4849 exigere.
1441 4761 1486 4832 Et
