3578 5808
416 889 458 950 22
669 902 865 951 erorsraun
888 901 1211 954 namuseuarsnsa

415 1085 556 1152 Thomas
572 1086 626 1151 vel
648 1087 784 1152 heredes
807 1089 858 1152 sui
882 1088 1008 1174 ahquid
1023 1087 1064 1152 de
1087 1093 1206 1154 caetero
1225 1087 1313 1172 juris
1335 1086 1372 1150 in
1396 1108 1461 1150 me·

416 1195 543 1254 morata
568 1195 705 1274 pastura
721 1190 898 1255 vendicent
920 1196 980 1254 aut
1003 1191 1199 1276 possideant.
1246 1189 1288 1253 In
1303 1189 1404 1274 hujus
1420 1189 1464 1252 rei

416 1291 642 1356 testimouium
661 1291 744 1382 huic
766 1293 853 1378 parti
876 1293 1072 1379 cyrographi
1096 1292 1242 1379 sigillum
1268 1291 1403 1356 Thomee
1426 1290 1468 1354 de

416 1392 562 1460 Piritone
586 1393 704 1458 militis
726 1416 908 1480 appensum
931 1400 989 1459 est.

828 1673 908 1738 Cer.
932 1672 1048 1738 CLXI.

697 1837 745 1902 Dc
768 1836 918 1903 00010010
941 1836 980 1902 dc
993 1837 1182 1903 'Paritoac

248 2016 400 2081 Ontoryor
462 1992 624 2057 Omnibus
651 1991 694 2055 ad
725 2013 807 2076 quos
841 1997 911 2070 etc,
945 1991 1115 2056 Johannes
1138 1991 1202 2056 Dei
1223 1991 1333 2076 gratia
1366 1989 1468 2055 abbas

245 2084 352 2133 ruuon.
416 2094 658 2159 Malmesburiae
682 2099 716 2156 et
738 2093 884 2176 ejusdem
908 2093 970 2156 loci
994 2099 1177 2157 conventus
1200 2093 1348 2157 salutem.
1400 2093 1468 2156 No-

417 2197 503 2260 verit
524 2195 724 2260 universitas
747 2202 858 2259 vestra
880 2216 940 2258 nos
963 2196 1035 2280 pari
1059 2195 1232 2259 voluntate
1252 2200 1286 2259 et
1308 2216 1465 2260 consensu

416 2298 609 2363 concessisse
632 2296 751 2362 dilecto
781 2303 815 2360 et
849 2296 939 2360 fideli
964 2303 1076 2361 nostro
1100 2296 1234 2361 Thomae
1257 2297 1298 2360 (10
1321 2297 1469 2361 Piritonc

416 2399 523 2476 militi,
547 2406 580 2464 et
618 2399 793 2463 heredibus
824 2398 904 2483 ejus,
928 2405 1091 2483 quantum
1114 2399 1154 2462 ad
1184 2398 1241 2483 jus
1273 2404 1469 2484 patronatus

417 2503 569 2588 pertinet,
592 2501 729 2565 liberam
762 2502 849 2564 infra
884 2507 978 2586 septa
1008 2503 1109 2566 euriae
1143 2523 1212 2565 sure
1243 2501 1284 2565 de
1308 2501 1469 2578 Peritone,

417 2604 550 2668 oratorii
583 2604 723 2689 propriis
755 2604 943 2688 sumptibus
966 2609 1001 2668 et
1016 2677 1018 2681 ⁸
1032 2603 1208 2688 stipendiis
1232 2603 1300 2666 suis
1323 2604 1469 2668 deservi·

416 2707 493 2770 endi
524 2706 809 2781 constructionem,
832 2705 933 2768 salvis
956 2705 992 2768 in
1016 2705 1168 2769 omnibus
1201 2710 1235 2768 et
1266 2727 1324 2791 per
1359 2705 1470 2769 omnia

412 2809 487 2895 jure
520 2814 554 2873 et
585 2808 827 2894 indempnitate
858 2809 1006 2872 matricis
1045 2807 1188 2872 ecelesiae
1226 2807 1267 2871 de
1306 2807 1467 2882 Peritone,

415 2913 450 2974 in
472 2933 537 2996 qua
558 2910 615 2996 jus
638 2915 833 2997 patronatus
855 2909 975 2974 habere
998 2910 1206 2975 dinoscimur.
1265 2909 1341 2973 Hiis
1357 2915 1469 2973 autem

416 3014 473 3097 qui
496 3013 532 3075 in
555 3010 668 3078 eodem
692 3011 834 3076 oratorio
857 3032 916 3096 pro
946 3017 1093 3097 tempore
1127 3011 1377 3075 ministraturus
1409 3017 1468 3088 est,

415 3121 492 3180 ante
515 3116 626 3179 omnia
649 3112 841 3177 fidelitatem
873 3112 914 3176 de
942 3113 1116 3198 praedictae
1147 3111 1291 3177 ecelesiae
1315 3112 1356 3176 de
1379 3112 1468 3176 Peri·

416 3225 492 3284 tone
516 3219 755 3304 indempnitate
780 3216 959 3302 praestabit,
976 3217 1131 3282 videlicet
1153 3217 1240 3301 quod
1265 3239 1304 3280 ea
1328 3238 1402 3301 quae
1425 3217 1468 3281 ad

415 3321 540 3386 dictum
563 3321 743 3384 oratorium
775 3318 978 3394 obvenerint,
1012 3341 1086 3404 quae
1121 3319 1162 3384 de
1189 3320 1265 3403 jure
1289 3318 1470 3404 parochiali

415 3422 457 3486 ad
480 3422 673 3506 praedictam
696 3420 863 3485 ecclesiam
886 3421 1156 3506 pertinentem
1180 3427 1251 3485 tota
1273 3421 1467 3506 integritate

415 3546 475 3588 sua
498 3525 587 3588 omni
602 3529 749 3588 cessante
772 3523 895 3600 fraude,
913 3525 1089 3600 occasione,
1112 3529 1147 3589 et
1171 3523 1254 3601 dolo,
1278 3529 1468 3589 memoratae

415 3626 557 3691 ecclesiae
592 3625 632 3688 de
656 3623 808 3690 Peritone
840 3624 982 3689 fideliter
1017 3627 1178 3690 restituet.
1227 3626 1267 3689 In
1299 3625 1393 3710 cujus
1420 3625 1466 3690 rei

414 3729 650 3803 testimonium,
673 3731 731 3794 cte.

827 3957 905 4027 Car.
931 3957 1064 4024 CLXII.

522 4123 692 4208 Oblipete'o
714 4123 863 4207 ejusdem
888 4125 1019 4189 Thorace
1042 4123 1082 4188 dc
1105 4124 1179 4210 ipso
1203 4123 1360 4190 oratorio,

429 4305 432 4310 ·
461 4275 622 4340 Omnibus
646 4275 771 4340 Christi
802 4277 960 4353 fidelibus,
984 4282 1053 4352 etc,
1077 4276 1218 4342 Thomas
1241 4277 1282 4342 de
1306 4277 1466 4355 Peritone,

416 4377 517 4456 miles,
541 4377 680 4442 salutern
705 4377 740 4441 in
764 4377 913 4443 Domino.
961 4379 1101 4442 Noverit
1133 4379 1332 4444 universitas
1356 4385 1466 4445 vestra

416 4502 468 4545 me
491 4486 526 4546 et
547 4480 682 4545 heredes
706 4503 794 4545 meos
827 4503 884 4567 per
918 4487 1113 4566 praesentem
1148 4487 1273 4546 cartam
1303 4481 1465 4568 obligatos

417 4605 494 4663 esse,
527 4589 730 4650 sacramento
764 4585 865 4648 etiam
898 4585 1148 4660 interveniente,
1176 4585 1264 4669 quod
1298 4586 1466 4650 occasione

418 4685 566 4753 beneficii
587 4685 682 4752 nobis
705 4709 726 4750 a
748 4686 928 4752 venerabili
960 4692 1054 4774 patre
1076 4685 1238 4766 «Iohanne,
1263 4687 1327 4752 Dei
1359 4689 1468 4774 gratia

416 4801 497 4862 tunc
527 4793 647 4861 abbate
678 4793 928 4874 Malmesburiae,
956 4801 990 4861 et
1021 4796 1167 4884 ejusdem
1202 4796 1265 4864 loci
1300 4801 1466 4864 conventu
