3526 5810
514 901 712 952 ereremum
736 900 1060 950 mmumeuumuse.
1248 885 1313 949 279

261 1085 468 1164 Cherlehone
492 1088 550 1173 qui
576 1093 713 1153 vocetur
748 1086 976 1163 Holdedoune,
1000 1091 1034 1149 eb
1068 1085 1115 1149 eie
1136 1107 1157 1149 e
1190 1084 1314 1150 fossato

259 1187 318 1252 illo
349 1212 453 1276 usque
486 1188 530 1254 ed
553 1187 590 1254 lu
619 1188 813 1273 Wodebrepe.
873 1189 928 1252 Ita
960 1187 1049 1272 quod
1083 1208 1143 1251 nec
1169 1207 1230 1273 ego
1252 1206 1314 1251 nee

259 1289 380 1376 aliquis
413 1290 571 1356 heredum
605 1312 751 1356 meorum
786 1291 839 1355 vel
877 1291 1118 1376 assignatorum
1156 1310 1313 1359 meorum.

258 1391 312 1456 vel
335 1393 435 1458 eiiam
459 1393 632 1458 hominum
656 1415 814 1470 meorum,
837 1393 971 1478 aliquod
1000 1392 1057 1476 jus
1081 1391 1135 1456 vel
1157 1391 1313 1456 elemium

259 1494 313 1559 vel
346 1495 494 1582 aliquem
527 1517 738 1562 communem
771 1497 806 1561 in
844 1495 1004 1581 praediebo
1038 1493 1108 1559 solo
1139 1499 1199 1558 eui
1232 1493 1313 1558 loeis

258 1598 433 1682 praedieeis,
450 1605 549 1684 prout
571 1601 721 1685 superius
744 1604 795 1664 esi
817 1619 1015 1684 expressum,
1031 1597 1143 1681 eliquo
1166 1602 1312 1681 tempore

257 1702 352 1767 nobis
387 1703 517 1790 exigere
553 1703 607 1768 vel
647 1703 822 1768 vendirere
861 1703 1021 1788 possimus
1060 1702 1311 1787 imperpetuum.

259 1804 360 1870 Salve
393 1811 505 1872 temen
540 1805 623 1871 mihi
657 1811 692 1870 eh
729 1806 904 1871 heredibus
943 1805 1023 1870 meis
1058 1809 1092 1869 eh
1123 1804 1312 1870 homiuibus

258 1909 339 1972 meis
373 1908 409 1972 in
431 1915 573 1994 utreque
595 1913 690 1994 perte
722 1907 783 1972 soli
815 1909 977 1994 praedicti,
999 1907 1176 1973 sufficienti
1199 1906 1313 1973 eheeie

258 2011 301 2075 ed
323 2012 436 2076 averia
459 2011 605 2098 fugende
627 2017 661 2076 et
684 2033 798 2076 currus
822 2018 856 2075 eh
880 2015 1023 2076 eereebee
1047 2011 1220 2076 ducendae.
1269 2009 1313 2074 Ee

259 2113 294 2176 in
318 2113 544 2178 testimonium
568 2112 669 2200 hujus
691 2114 893 2178 remissionis
917 2119 951 2178 eb
981 2115 1103 2200 quiehae
1126 2113 1313 2179 elementiae

259 2237 349 2292 meae,
372 2216 434 2281 hoe
456 2216 615 2302 seriptum
639 2215 762 2280 eisdem
785 2215 897 2281 abbati
923 2221 957 2279 eb
983 2217 1163 2280 conventui
1186 2216 1255 2291 feei,
1279 2219 1314 2280 eb

260 2318 344 2382 illud
367 2318 476 2404 sigillo
499 2341 572 2384 meo
588 2319 726 2406 signavi.
773 2317 851 2382 Hiie
873 2319 1022 2383 testibus.

664 2557 742 2625 Cur.
772 2558 893 2625 CCCC.

285 2691 406 2781 Quiete
429 2699 623 2765 clamantia
646 2699 771 2784 Rupere
786 2699 865 2784 filii
889 2696 1013 2785 Ruperi
1037 2697 1076 2763 de
1102 2698 1298 2764 Oleerletoree.

306 2853 422 2918 Seienb
445 2859 622 2938 praesentee
652 2859 687 2917 eb
721 2852 825 2917 futuri
849 2853 937 2939 quod
960 2875 1021 2938 ego
1045 2853 1202 2939 Rogerue,
1226 2852 1314 2918 filius
1327 2853 1415 2904 Ηθὸ-

262 2961 296 3018 eh
325 2954 419 3020 heres
442 2955 561 3040 Rogeri
585 2954 625 3019 de
650 2953 854 3032 Chmletone
877 2955 987 3020 remisi
1011 2961 1045 3020 eh
1068 2956 1218 3041 quietum
1249 2931 1475 3048 ele-fffuffiffiss

262 3057 351 3120 mevi
374 3078 433 3142 pro
456 3079 508 3121 me
531 3063 566 3122 et
588 3077 647 3142 pro
671 3055 846 3122 heredibus
870 3059 960 3134 meis,
985 3063 1019 3122 eb
1049 3058 1150 3124 etiem
1174 3059 1314 3124 homini·
1328 3065 1409 3115 heret.

262 3157 324 3220 hus
347 3159 437 3234 meis,
461 3157 533 3223 Deo
564 3163 599 3222 eb
621 3158 767 3225 eeclesiae
789 3159 880 3224 beati
915 3159 1061 3224 Aidelmi
1086 3160 1126 3226 de
1161 3161 1315 3226 Melmes-

260 3261 367 3338 buria,
389 3267 424 3326 eb
446 3261 590 3346 dompno
606 3261 773 3327 Willelmo
792 3262 917 3340 abbati,
942 3269 975 3326 eb
997 3263 1168 3329 monachis
1191 3264 1314 3329 ibidem

263 3363 334 3428 Deo
357 3364 587 3442 servientibuS,
603 3368 713 3428 bobum
732 3366 789 3450 jus
812 3370 847 3429 et
870 3365 1024 3432 elamium
1048 3371 1083 3431 eb
1105 3371 1212 3432 dotem
1228 3388 1316 3432 eom·

263 3487 398 3532 munem
430 3489 530 3553 quem
552 3467 694 3532 elemevi
717 3467 837 3533 hebere
871 3469 908 3532 in
931 3469 1000 3534 solo
1032 3469 1090 3534 illo
1112 3470 1149 3534 in
1182 3470 1313 3535 Cherle-

205 3643 208 3650 Δ
264 3575 341 3634 bone
364 3570 454 3655 quod
476 3575 615 3636 vocetur
639 3570 890 3648 Middelhurste,
905 3572 948 3637 eb
971 3572 1167 3638 occidentali
1191 3572 1313 3658 ungulo

262 3672 374 3736 croibae
407 3671 527 3758 Regeri
559 3672 601 3737 de
635 3672 831 3759 Redeweye,
867 3695 969 3759 usque
1000 3673 1043 3738 ed
1071 3674 1218 3738 rivulum
1257 3674 1315 3760 qui

264 3774 358 3838 venit
395 3774 436 3838 de
474 3773 735 3862 Swebenhegge3
775 3783 810 3841 eb
847 3776 894 3842 sie
931 3798 991 3861 per
1028 3777 1174 3841 rivulum
1220 3777 1315 3843 illum

264 3895 367 3960 usque
389 3875 432 3940 ed
464 3875 626 3941 fosseium
661 3877 769 3963 eempi
800 3877 840 3942 de
866 3876 1062 3942 Cherleeone
1097 3877 1154 3962 qui
1177 3882 1315 3944 vocetur

264 3977 502 4057 Holdedoune;
524 3983 559 4044 eb
581 3979 628 4043 sie
650 4001 671 4044 a
703 3979 824 4044 fossato
857 3978 914 4043 illo
938 4000 1040 4064 usque
1064 3979 1107 4045 ed
1140 3978 1175 4043 le
1204 3979 1314 4044 Wode·

262 4078 375 4144 breche.
431 4080 486 4144 le
525 4081 613 4167 quod
636 4103 697 4146 nee
719 4102 778 4168 ego
808 4102 868 4146 nee
897 4081 1016 4166 aliquis
1046 4081 1203 4146 heredum
1227 4103 1314 4147 meo·

264 4205 346 4260 rum,
370 4183 423 4248 vel
445 4185 685 4271 assignatorum
709 4206 863 4262 meorum,
887 4183 941 4250 vel
963 4184 1135 4250 hominum
1158 4206 1313 4264 meorum,

263 4285 396 4372 aliquod
423 4286 480 4372 jus
502 4286 556 4352 vel
589 4287 744 4353 clamium
776 4287 828 4353 vel
861 4288 1005 4374 aliquem
1041 4311 1248 4355 communem
1277 4293 1315 4355 in

263 4389 421 4476 praediete
455 4389 524 4454 solo
554 4395 615 4455 eut
647 4390 726 4457 loeis
755 4390 932 4476 praediebis‚
963 4397 1062 4478 prout
1092 4394 1241 4478 superius
1265 4398 1315 4458 est

263 4513 462 4578 expressum,
494 4491 605 4578 aliquo
643 4498 790 4580 tempore
822 4494 916 4560 nobie
951 4495 1081 4581 exigere
1113 4495 1167 4560 vel
1199 4495 1314 4560 vendi-

263 4615 336 4661 care
367 4595 530 4681 possimus
562 4597 812 4683 imperpetuum.
880 4595 981 4664 Salve
1015 4602 1128 4663 temen
1161 4598 1244 4662 mihi
1280 4603 1315 4664 eh

265 4697 440 4762 heredibus
456 4698 547 4777 meis,
562 4701 597 4763 eb
611 4698 800 4766 hominibus
817 4701 908 4777 meis,
923 4701 959 4764 in
974 4705 1114 4786 utreque
1137 4707 1230 4787 perte
1253 4701 1315 4767 soli

264 4799 422 4888 praedicti,
439 4801 615 4870 sufficienti
638 4802 751 4869 eheeie
772 4804 815 4870 ed
837 4803 951 4872 averia
972 4804 1120 4892 fuganda
1144 4811 1178 4872 et
1200 4827 1314 4873 currus
