3566 5820
537 947 736 998 nncrsraun
759 945 1082 998 unaunseumnusn
1270 930 1333 996 209

239 1185 250 1200 .
286 1135 320 1198 et
342 1131 477 1199 heredes
500 1131 574 1209 mci,
597 1129 754 1228 praedicto
778 1129 875 1196 Petro
898 1135 933 1196 ot
962 1129 1136 1198 heredibus
1152 1129 1205 1196 vel
1223 1130 1334 1221 essig-
1443 1157 1445 1166 ·

281 1235 370 1302 natis
395 1235 472 1312 suis,
496 1234 688 1321 praedictam
719 1238 841 1302 terram
868 1255 943 1302 oum
975 1233 1184 1320 pertinentiis
1219 1240 1335 1304 contra

284 1359 394 1404 omncs
428 1337 577 1404 homines
599 1343 633 1404 et
655 1336 804 1416 feminas,
826 1336 912 1402 sicut
945 1336 1162 1422 praelocutum
1184 1342 1244 1416 est,
1267 1359 1333 1406 wa-

283 1441 518 1508 rantizabimus
552 1441 804 1526 imperpetuum.
851 1439 895 1504 Et
929 1444 969 1505 ut
1005 1439 1076 1506 haee
1110 1439 1199 1530 feodi
1237 1441 1332 1508 firma

283 1549 355 1608 rata
387 1549 528 1621 maneat,
562 1549 597 1608 et
631 1543 760 1608 stabilis
798 1548 992 1628 perseveret,
1024 1544 1196 1628 praesentis
1231 1542 1332 1628 sigilli

282 1648 345 1712 mei
369 1647 550 1713 munimine
573 1647 733 1715 roboravi.
779 1645 856 1712 Hiis
878 1646 1029 1723 testibus,
1053 1651 1112 1712 ete.

625 1897 706 1964 One.
730 1839 992 1964 dccxxxvn.

474 2050 579 2116 Oorto
601 2050 699 2117 Petri
720 2049 826 2116 Burei
848 2051 888 2116 dc
909 2051 1024 2116 codem
1047 2058 1145 2118 terro.

330 2187 445 2254 Sciant
467 2192 644 2274 praesentes
678 2190 711 2250 et
741 2185 849 2250 futuri
881 2187 970 2274 quod
1002 2209 1062 2272 ego
1094 2187 1211 2253 Petrus
1234 2187 1334 2254 Burel
1348 2198 1468 2249 Gmntol

205 2363 214 2382 ,
285 2289 359 2354 dedi
383 2294 417 2354 et
440 2289 591 2366 concessi,
616 2293 650 2354 et
671 2287 734 2354 hae
756 2289 911 2376 praesenti
934 2294 1027 2356 carta·
1048 2311 1120 2354 mea
1143 2289 1335 2358 confirmavi
1347 2265 1503 2383 ffiffflss

284 2391 408 2458 Jacobo
432 2392 541 2471 Burel,
565 2391 660 2456 fratri
694 2413 775 2469 meo,
798 2413 858 2480 pro
889 2391 1027 2458 servicio
1050 2414 1118 2476 suo,
1143 2397 1247 2458 totam
1271 2399 1335 2458 ter-

283 2517 353 2560 ram
391 2517 497 2560 meam
536 2494 764 2580 Fouleswyke,
796 2517 869 2560 cum
908 2495 1136 2582 pertinentiis;
1170 2495 1335 2573 videlicet,

285 2600 456 2664 dimidiam
479 2599 604 2684 hydam
627 2603 724 2664 terrae
755 2620 854 2684 quarn
887 2599 980 2664 tenui
1013 2599 1053 2663 de
1088 2598 1214 2664 Thorna
1237 2599 1367 2677 Crok,f.
1380 2607 1458 2661 aiot.

285 2702 385 2767 michi
409 2708 443 2768 et
464 2702 639 2768 heredibus
663 2700 717 2766 vel
747 2701 922 2787 assignatis
945 2701 1027 2766 meis
1059 2702 1099 2765 de
1123 2723 1157 2766 se
1180 2707 1215 2766 et
1243 2701 1338 2768 here·

286 2805 382 2870 dibus
405 2804 473 2869 suis
496 2827 554 2890 per
584 2825 686 2870 unam
716 2803 835 2870 libram
866 2803 988 2880 cimini,
1011 2803 1054 2870 ad
1077 2803 1197 2868 festum
1222 2803 1336 2870 Sancti

286 2905 454 2972 Michaelis
478 2907 567 2972 dicto
582 2906 717 2973 Thomae
733 2913 767 2972 et
789 2906 964 2972 heredibus
988 2907 1056 2972 suis
1077 2909 1250 2972 annuatim
1274 2907 1337 2972 sol-

286 3010 436 3087 vendam,
471 3031 531 3095 pro
565 3010 654 3075 omni
689 2999 835 3087 servicio,
870 3008 962 3074 salvo
993 3009 1104 3096 regali.
1161 3009 1205 3074 Et
1237 3031 1337 3076 unam

287 3111 459 3178 dimidiam
497 3112 622 3198 hydam
660 3133 735 3177 cum
772 3111 983 3198 pertinentiis
1021 3112 1058 3176 in
1095 3113 1208 3178 eodem
1247 3118 1339 3179 tene·

286 3219 406 3291 mento,
430 3235 529 3298 quam
552 3213 722 3282 Johannes
745 3213 786 3278 de
809 3211 1029 3300 Fouleswyke
1051 3212 1153 3293 miehi
1184 3219 1218 3280 et
1247 3215 1339 3281 here·

286 3315 392 3393 dibus,
425 3315 480 3382 vel
513 3316 689 3402 assignatis
721 3315 811 3396 meis,
834 3315 878 3382 ad
911 3315 1001 3381 feodi
1033 3313 1161 3393 firmam
1196 3317 1338 3384 tradidit

286 3439 345 3506 pro
367 3417 540 3482 duodecim
573 3417 718 3486 denariis
748 3417 812 3481 sibi
843 3421 877 3482 et
906 3415 1082 3482 heredibus
1105 3418 1174 3482 suis
1197 3419 1338 3506 singulis

287 3520 382 3587 annis
416 3520 459 3585 ad
493 3519 614 3586 festum
647 3519 762 3588 Sancti
794 3519 965 3586 Michaelis
997 3541 1056 3606 pro
1088 3521 1178 3586 omni
1201 3522 1339 3588 servicio

286 3623 378 3690 salvo
400 3622 502 3710 regali
535 3621 710 3690 solvendis.
756 3621 841 3691 Dedi
875 3623 975 3688 etiam
1011 3627 1045 3687 et
1078 3624 1220 3690 concessi
1251 3624 1339 3689 dicto

288 3725 410 3791 Jacobo
433 3725 605 3790 dimidiam
628 3725 792 3810 virgatam
825 3730 921 3790 terra
952 3725 989 3788 in
1010 3722 1092 3790 villa
1115 3725 1155 3789 de
1179 3723 1339 3790 Tuderin-

289 3833 498 3913 coaequam
531 3828 596 3892 emi
629 3828 670 3892 de
693 3827 858 3892 Willelmo
892 3825 1052 3892 Saraceno
1085 3848 1159 3892 cum
1189 3831 1278 3892 terra
1299 3827 1340 3892 de

288 3929 515 4016 Fouleswyke.
560 3929 731 3998 Tenendas
763 3936 797 3994 et
826 3928 993 3994 habendas
1017 3928 1057 3993 de
1080 3950 1133 3992 me
1156 3931 1190 3992 et
1211 3928 1340 3994 heredi-

289 4034 350 4098 bus
365 4033 418 4098 vel
440 4033 614 4120 assignatis
637 4033 728 4112 meis,
742 4032 806 4098 sibi
829 4038 864 4096 et
885 4029 1061 4124 heredibus
1083 4031 1151 4094 suis
1174 4031 1215 4095 de
1238 4021 1340 4096 uxore

289 4159 347 4204 sua
369 4137 433 4202 sibi
468 4137 665 4224 desponsata
694 4135 903 4214 excuntibus,
932 4134 1033 4200 libers
1065 4140 1100 4199 et
1131 4133 1338 4211 hereditarie,

289 4263 347 4327 pro
365 4239 461 4323 ¹omni
483 4240 621 4306 servicio
644 4244 678 4308 et
701 4239 871 4316 demanda,
895 4259 954 4324 per
977 4237 1044 4302 tria
1073 4238 1165 4324 paria
1188 4238 1338 4326 cyrothe-

289 4365 400 4410 oarum
423 4340 524 4406 miehi
557 4346 591 4406 et
612 4339 787 4408 heredibus
812 4340 864 4404 vel
895 4339 1071 4436 assignatis
1102 4340 1183 4404 meis
1213 4362 1338 4406 annua-

290 4447 351 4512 tim
374 4443 591 4532 persolvenda
612 4444 656 4510 ad
689 4443 822 4522 Pascha,
846 4443 937 4508 salvo
969 4447 1082 4508 tamen
1115 4443 1275 4510 forinseco
1305 4449 1340 4508 et

291 4549 437 4616 serviciis
469 4567 544 4632 quae
583 4546 715 4612 domino
752 4545 922 4612 feodorum
960 4545 1130 4614 debentur.
1191 4544 1228 4610 Si
1262 4567 1340 4610 vero

289 4650 464 4736 contigerit
485 4649 555 4714 sine
579 4670 646 4714 sure
678 4649 784 4716 carnis
817 4647 935 4714 herede
966 4647 1091 4712 dictum
1122 4645 1282 4712 Jacobum
1305 4648 1341 4710 in

290 4752 360 4815 fata
382 4751 545 4826 decedere,
568 4773 679 4814 omnes
711 4751 875 4836 praedictae
906 4758 1003 4817 terrae
1034 4771 1108 4814 cum
1131 4751 1340 4834 pertinentiis

289 4853 333 4918 ad
354 4875 406 4917 me
430 4853 484 4919 vel
506 4855 687 4939 assignatos
717 4874 805 4918 meos
835 4854 935 4919 libere
970 4858 1004 4918 et
1025 4852 1152 4940 integre
1175 4852 1338 4930 redibunt,

379 4953 455 5004 nso.
1183 4969 1205 5018 0
