3526 5810
453 864 518 928 252
706 878 904 930 numerium
926 880 1244 930 umursnusmusn.

375 1059 380 1068 '
448 1067 543 1128 trem.
589 1063 737 1144 Quarum
759 1085 827 1130 une
846 1086 922 1131 ecre
938 1065 1029 1152 jecet
1051 1065 1086 1129 in
1105 1063 1326 1142 Rolfescnofte,
1343 1084 1416 1150 quse
1432 1062 1498 1126 fuit

447 1166 624 1252 aliquando
656 1167 789 1233 Ricerdi
823 1167 963 1244 Pinnok,
994 1189 1108 1232 versus
1138 1166 1331 1247 Chorstone,
1364 1175 1398 1231 et
1430 1187 1498 1228 une

446 1289 522 1334 ecre
552 1289 627 1334 eum
660 1269 819 1354 praedicto
851 1269 994 1355 protello
1023 1269 1113 1354 jccet
1144 1269 1234 1356 epud
1268 1267 1496 1354 Kingberewe,

447 1392 522 1456 quse
547 1370 617 1436 fuit
639 1363 787 1456 ejusdem
810 1372 952 1448 Ricerdi
976 1371 1012 1436 in
1035 1371 1235 1437 escambium
1259 1372 1392 1437 illerum
1415 1371 1497 1434 due-

446 1494 518 1537 rum
553 1495 701 1540 ecrerum
734 1495 809 1560 ques
841 1474 977 1538 fuerunt
1008 1472 1171 1538 Johennis
1202 1473 1233 1538 le
1265 1472 1381 1538 Porter
1408 1478 1496 1536 retro

444 1575 582 1642 croftem
606 1575 765 1641 Willelmi
789 1575 819 1640 le
844 1575 922 1653 Mel,
945 1575 1036 1661 apud
1059 1575 1207 1660 Fulinge.
1255 1574 1436 1639 Habenda-s
1457 1578 1493 1638 et

446 1679 604 1743 tenendas
638 1679 811 1764 praedictes
850 1678 932 1742 dues
970 1699 1060 1743 acres
1095 1682 1192 1742 terrae
1224 1697 1299 1742 cum
1337 1675 1496 1762 praedicto

446 1781 584 1867 pratello
607 1788 642 1847 et
667 1781 878 1868 pertinentiis
909 1781 985 1858 suis,
1016 1780 1184 1866 praedictis
1206 1780 1321 1845 abbati
1354 1786 1389 1844 et
1419 1801 1495 1844 con-

446 1884 562 1947 ventui
588 1884 632 1948 ed
654 1883 760 1948 vitem
791 1904 898 1948 meem
930 1886 964 1946 et
995 1883 1162 1967 praedictae
1185 1881 1350 1946 Ysebellae
1382 1881 1497 1944 uxoris

445 2006 534 2050 mcae.
580 1985 760 2050 Reddendo
783 1985 860 2050 inde
882 1984 1056 2049 annuatim
1080 1983 1181 2048 miehi
1205 1985 1266 2068 [et]
1291 1984 1388 2048 uxori
1412 2005 1496 2047 mese

445 2108 543 2172 quem
578 2088 636 2152 diu
659 2087 849 2164 vixerimus,
889 2109 948 2172 pro
980 2086 1138 2172 praedicto
1176 2086 1315 2172 pratello
1349 2092 1498 2171 tempore

444 2189 627 2267 fenetionis‚
650 2211 751 2256 unam
773 2195 915 2254 trussem
937 2188 1007 2254 feni
1037 2188 1126 2274 apud
1150 2187 1393 2274 Brokineberge
1423 2209 1499 2274 per·

445 2291 638 2378 cipiendem.
701 2291 746 2356 Et
775 2312 836 2356 nos
867 2290 1051 2355 Edwardus
1081 2295 1115 2355 et
1138 2289 1281 2355 Isebelle
1310 2311 1395 2354 uxor
1424 2312 1499 2355 mee

445 2395 618 2479 praedictas
648 2394 731 2459 dues
757 2415 848 2460 acres
870 2399 967 2458 terne
993 2413 1068 2457 cum
1098 2391 1256 2478 praedicto
1290 2392 1429 2477 pratello
1464 2397 1498 2456 et

445 2495 520 2561 eliis
558 2495 771 2582 pertinentiis
793 2495 870 2572 suis,
905 2494 1074 2581 praedictis
1096 2494 1210 2560 abbati
1242 2500 1277 2559 et
1307 2493 1497 2570 conventui,

446 2599 620 2684 quamdiu
642 2599 831 2674 vixerimus,
855 2603 970 2664 contre
992 2617 1104 2662 omnes
1126 2595 1281 2661 mortales
1303 2597 1498 2662 warantiza-

445 2701 562 2766 bimus.
625 2700 721 2781 Quod
753 2700 781 2764 si
804 2699 1019 2764 warentizere
1049 2719 1117 2763 non
1139 2697 1328 2785 poterimus,
1352 2719 1394 2762 ex
1418 2702 1498 2764 tunc

446 2803 612 2888 preedictae
634 2801 710 2868 duae
732 2823 824 2878 eorm,
848 2823 930 2887 ques
956 2800 1105 2886 praedicti
1127 2799 1228 2866 ebbes
1259 2805 1294 2864 et
1315 2807 1498 2866 conventus

446 2927 505 2971 nos
527 2909 754 2972 concesserrmt
775 2903 819 2969 ed
840 2904 945 2968 vitem
967 2908 1122 2982 nostram,
1137 2902 1181 2968 ed
1202 2903 1376 2988 praedictos
1397 2905 1499 2969 ebbe-

446 3014 514 3072 tem
548 3013 583 3072 et
614 3013 815 3073 conventum
835 3005 921 3080 ‚sine
953 3005 1066 3091 alique
1096 3004 1355 3071 contradictione
1389 3028 1498 3070 rever-

446 3115 569 3176 tentur.
624 3109 669 3175 Et
690 3113 730 3174 ut
752 3108 823 3174 haec
845 3107 980 3174 donatio
1011 3113 1045 3172 et
1068 3107 1230 3174 concessio
1260 3113 1373 3172 nostre
1403 3107 1499 3174 firme

446 3211 491 3276 sit
521 3217 556 3276 et
586 3211 723 3288 stabilis,
746 3209 832 3275 hene
858 3213 982 3275 certem
1014 3209 1180 3294 praedictis
1211 3209 1325 3274 ebbcti
1356 3214 1390 3274 et
1422 3231 1499 3275 con·

447 3312 561 3377 ventui
601 3313 746 3388 fecimus,
777 3316 812 3376 et
848 3332 920 3376 eem
958 3309 1076 3397 sigillis
1122 3311 1243 3376 nostris
1285 3311 1496 3397 signavimus.

448 3415 524 3478 Hiis
547 3414 698 3490 testibus,
722 3419 782 3478 etc.

820 3653 899 3718 Cur.
923 3650 1130 3717 ccccxxi

280 3814 300 3866 f.
312 3817 360 3866 257
370 3815 394 3866 o.
551 3801 655 3866 Certo
671 3799 768 3888 fucta
790 3799 961 3866 Ednoardo
984 3799 1024 3866 de
1046 3798 1153 3866 Locos
1176 3806 1205 3866 et
1233 3799 1397 3866 Ysubetioe.

282 3963 406 4015 crantor
494 3948 668 4013 Universis
691 3947 816 4013 Christi
839 3947 991 4012 fidelibus
1022 3967 1165 4032 praesens
1195 3946 1354 4032 scriptum
1378 3947 1499 4013 visuris

225 4089 227 4100 ,
281 4032 384 4148 ¹32⁰ss
393 4031 436 4147 {2⁰
449 4051 502 4115 vel
525 4049 697 4127 audituris,
721 4049 906 4114 Willelmus
937 4049 1000 4113 Dei
1030 4049 1138 4135 gretie
1169 4048 1272 4113 ebbae
1300 4048 1500 4115 Mclmesbu-

282 4163 421 4228 exchange.
448 4152 514 4229 riee,
542 4157 576 4216 et
607 4152 753 4237 ejusdem
787 4151 850 4218 loci
880 4157 1071 4230 conventus,
1106 4151 1247 4216 salutem
1270 4156 1428 4216 aetemem
1463 4153 1499 4218 in

449 4254 600 4318 Domino.
660 4253 802 4318 Noverit
833 4252 1033 4317 universitas
1071 4259 1182 4318 vestre
1214 4275 1273 4318 nos
1305 4255 1500 4321 concessisse

450 4353 615 4419 Edwardo
638 4355 679 4419 de
702 4355 814 4421 Lacok
837 4361 872 4418 et
894 4354 1059 4420 Ysebellae
1086 4356 1184 4420 uxori
1206 4377 1284 4434 suec,
1307 4377 1407 4440 quem
1439 4358 1500 4422 diu

450 4457 604 4533 vixerint,
629 4455 702 4521 illae
732 4457 814 4521 dues
844 4477 935 4520 acres
966 4461 1063 4520 terrae.
1094 4456 1230 4520 erabilis
1260 4477 1334 4541 quoe
1365 4457 1502 4525 fuerunt

449 4557 612 4622 Johennis
648 4557 679 4622 le
718 4558 839 4630 Porter,
874 4565 962 4622 retro
999 4557 1137 4622 orestem
1172 4557 1330 4622 Willelmi
1365 4559 1396 4624 le
1431 4561 1501 4627 Mel

449 4660 538 4746 epud
554 4659 702 4746 Fulinge,
726 4660 762 4724 in
785 4659 1007 4725 eschsmbium
1032 4659 1164 4724 illerum
1180 4660 1321 4726 duorum
1349 4683 1500 4728 cerarum

450 4769 545 4828 terres
566 4750 795 4828 erabilis'cum
818 4761 1235 4847 quodempretc110,epud
1260 4762 1500 4849 Kyngberewe‚
1598 4822 1604 4836 .
1739 4783 1740 4790 ’
