3566 5820
457 895 521 958 134
710 907 909 960 enorsrauu
932 911 1255 960 usnnassmuause.

457 1097 490 1156 et
512 1092 685 1170 curiarum,
703 1097 737 1155 et
760 1091 801 1156 de
818 1093 921 1178 regali
944 1093 1090 1170 servicio,
1106 1099 1140 1157 et
1162 1094 1202 1158 de
1219 1093 1371 1159 omnibus
1393 1095 1506 1182 geldis,

456 1193 610 1270 serviciis,
643 1193 943 1271 consuetudinibus,
966 1199 1000 1258 et
1031 1193 1072 1258 de
1095 1193 1248 1258 omnibus
1280 1193 1505 1260 exactionibus

457 1300 492 1361 et
514 1295 696 1378 demendis,
716 1317 830 1360 versus
853 1295 1023 1360 dominum
1046 1317 1165 1382 regem,
1189 1302 1223 1361 et
1245 1319 1360 1362 versus
1383 1298 1504 1384 capita-

456 1395 521 1462 lem
553 1397 723 1462 dominum
761 1397 856 1477 feodi,
897 1401 931 1461 et
963 1419 1077 1462 versus
1115 1419 1227 1462 omnes
1262 1397 1352 1474 alios,
1386 1398 1505 1485 imper-

456 1503 594 1584 petuum
616 1498 876 1584 acquietabimus
899 1502 933 1563 et
955 1498 1174 1564 defendemus.

501 1600 546 1664 Et
567 1605 607 1665 ut
629 1600 699 1665 haec
722 1622 796 1664 mea
818 1600 952 1664 donatio
975 1604 1010 1662 et
1031 1601 1195 1666 concessio
1217 1600 1318 1665 robur
1339 1601 1505 1688 perpetui-

455 1703 536 1766 tatis
558 1702 737 1788 optineant,
761 1701 847 1768 hanc
876 1707 1000 1766 cartam
1024 1703 1146 1790 eisdem
1172 1701 1286 1768 abbati
1308 1707 1343 1768 et
1365 1725 1504 1769 conven-

454 1804 505 1869 tui
528 1805 600 1880 feci,
623 1809 657 1870 et
679 1804 787 1890 sigillo
810 1804 946 1890 signavi.

834 1995 912 2061 Car.
937 1995 1132 2062 CCLXVII.

478 2122 583 2188 Certo
606 2121 780 2188 Jotoaos's
803 2122 843 2187 de
868 2123 1025 2190 Gosdc‘oo
1048 2121 1089 2188 de
1112 2129 1203 2188 terro
1225 2122 1269 2188 to
1291 2123 1421 2210 senapis
1443 2123 1482 2189 dc

868 2223 1104 2290 Tuderiatonc.

499 2338 614 2403 Sciant
646 2344 825 2424 praesentes
852 2343 886 2402 ot
919 2339 1024 2402 firturi
1058 2337 1147 2424 quod
1170 2360 1229 2424 ego
1263 2337 1433 2422 dohannes
1465 2339 1505 2402 de

455 2439 601 2506 Gardino
617 2440 658 2504 de
681 2439 904 2508 Tuderintene
928 2440 1012 2517 dedi,
1032 2441 1184 2517 concessi,
1211 2439 1329 2506 etheo
1352 2441 1505 2526 praesenti

454 2548 545 2608 carta
567 2565 640 2606 mea
663 2543 863 2618 confirmavi,
887 2544 922 2606 in
945 2541 1091 2618 liberam,
1117 2565 1231 2630 puram
1256 2549 1291 2606 et
1313 2547 1504 2628 perpetuam

312 2639 337 2670 ¹¹·
454 2645 673 2721 elemosinam,
696 2645 767 2710 Deo
790 2653 824 2710 et
859 2645 1001 2710 ecclesiae
1035 2645 1130 2712 Beati
1154 2645 1323 2710 Aldhelmi
1354 2645 1505 2710 Malmes·

457 2747 566 2824 buriae,
590 2753 624 2812 et
646 2747 759 2811 abbati
784 2753 817 2810 et
848 2747 1015 2814 monachis
1039 2747 1160 2812 ibidem
1184 2746 1254 2812 Deo
1277 2747 1505 2822 servientibus

453 2848 619 2933 quandem
643 2848 789 2926 crottam,
813 2869 886 2933 quse
910 2854 1048 2913 vocatur
1072 2848 1281 2923 Lutlecrotte,
1299 2848 1401 2932 juxta
1422 2847 1504 2912 crof·

453 2958 522 3015 tam
545 2951 709 3034 quondam
728 2950 861 3016 Ricardi
885 2949 1012 3026 Clerici,
1031 2971 1145 3014 versus
1160 2949 1355 3034 aquilonem,
1377 2955 1410 3014 et
1431 2953 1505 3016 octo

452 3074 542 3118 acras
577 3059 672 3118 terne
707 3051 945 3128 a1·obilis,cum
982 3073 1156 3117 commune
1187 3045 1396 3116 et'omnibus
1431 3051 1504 3116 aliis

452 3155 671 3239 pertinentiis,
696 3155 731 3217 in
754 3155 877 3240 eampis
900 3155 941 3218 de
957 3154 1201 3233 Tuderintone3
1224 3153 1379 3218 videlicet
1401 3173 1504 3237 quan-

451 3257 527 3322 dam
558 3278 694 3342 parvom
726 3256 888 3320 culturam
920 3279 961 3319 ex
1001 3256 1151 3341 opposito
1183 3255 1349 3343 praedictae
1384 3255 1503 3330 croitae,

451 3381 524 3443 quae
543 3359 634 3443 jacet
661 3379 718 3443 pro
751 3357 896 3442 quinque
920 3357 1012 3433 acris,
1035 3378 1110 3442 quae
1143 3357 1273 3424 cultura
1307 3362 1444 3422 vocatur
1475 3356 1504 3420 le

450 3459 651 3525 Brecttoode
682 3461 717 3523 in
752 3459 981 3545 Ryeforlonge.
1042 3459 1150 3524 Juxta
1188 3465 1309 3524 terram
1337 3457 1431 3544 Elyee
1462 3457 1502 3522 de

451 3561 639 3648 Keilleway
662 3583 764 3627 unam
795 3583 904 3628 acrem
928 3583 969 3626 en
1002 3561 1038 3625 tc
1066 3560 1197 3626 Wrttes.
1242 3559 1349 3626 Juxta
1382 3565 1502 3626 terram

372 3678 378 3687 ·
449 3663 599 3748 praedicti
639 3664 740 3749 Elyae,
775 3663 946 3728 dimidiam
985 3685 1094 3730 acram
1133 3664 1167 3728 in
1199 3662 1502 3750 Henrichforlonge,

449 3767 537 3833 inter
559 3768 641 3832 dues
664 3788 754 3834 acres
777 3767 928 3852 praedicti
953 3767 1053 3854 Elyae.
1093 3767 1205 3832 Unam
1227 3787 1335 3832 aeram
1359 3765 1395 3830 in
1418 3765 1504 3830 Hid-

448 3868 602 3954 forlonge.
642 3869 748 3934 Juxta
779 3875 900 3934 terram
924 3867 1096 3934 Godefridi
1128 3868 1168 3935 de
1191 3867 1390 3934 Escudemor
1407 3865 1504 3930 dimi·

449 3969 537 4035 diam
570 3992 698 4036 eoram:
721 3969 905 4035 habendam
929 3975 964 4036 et
990 3970 1166 4035 tenendam
1201 3969 1391 4055 prrediotam
1421 3968 1503 4032 crof-

447 4077 526 4150 tam,
550 4077 584 4136 et
619 4078 722 4137 totam
757 4073 1031 4158 praenominatam
1066 4078 1196 4148 terram,
1219 4091 1294 4136 eum
1329 4087 1502 4136 commune

447 4178 481 4236 ot
504 4173 656 4238 omnibus
679 4173 753 4237 eliis
773 4173 991 4258 pertinentiis,
1009 4174 1105 4238 dictis
1128 4171 1243 4238 abbati
1266 4178 1300 4236 et
1323 4170 1502 4238 conventui

447 4281 481 4339 et
513 4298 624 4340 eorum
660 4275 906 4352 suecessoribus,
930 4276 970 4340 de
993 4297 1045 4340 me
1069 4280 1104 4342 et
1126 4276 1167 4340 de
1200 4274 1376 4339 heredibus
1410 4274 1500 4350 meis,

442 4377 517 4462 jure
563 4378 788 4443 elemosinario
831 4378 1094 4462 imperpetuum:
1127 4375 1294 4442 reddendo
1327 4376 1502 4441 annuatim

446 4481 536 4557 mihi,
561 4483 614 4547 vel
648 4482 824 4548 heredibus
847 4483 936 4560 meis,
960 4503 1062 4546 unum
1097 4482 1277 4561 denarium,
1301 4481 1354 4547 die
1387 4479 1501 4547 Sancti

446 4583 612 4648 Aldhehni
636 4584 725 4669 apud
748 4583 1022 4661 Melmesburiam,
1046 4607 1104 4670 pro
1126 4584 1216 4650 omni
1237 4583 1382 4660 servicio,
1413 4589 1502 4650 secta

447 4687 545 4751 euriae
562 4693 596 4750 ot
618 4685 873 4764 lmndredorum‚
896 4688 1033 4753 seculari
1061 4688 1232 4754 exactione
1262 4694 1297 4753 et
1331 4687 1500 4754 demanda.

447 4789 491 4852 Et
518 4811 577 4875 ego
611 4787 779 4854 Johannes
814 4795 847 4854 ot
879 4789 1013 4856 heredes
1037 4791 1102 4856 mei
1136 4791 1328 4878 praedictam
1360 4788 1500 4855 crottam

445 4899 479 4959 et
513 4898 617 4957 totam
653 4893 841 4979 praedictam
865 4900 993 4975 terram,
1018 4917 1092 4962 cum
1120 4896 1271 4962 omnibus
1294 4897 1338 4962 ad
1361 4896 1498 4964 eandem
