3566 5820
383 861 448 928 174
635 877 833 927 asorsrnuu
857 877 1179 928 MALMESBURIENSE.

786 1113 865 1179 Car.
891 1113 1033 1182 OOOVI.

435 1265 557 1349 Quieto
579 1267 770 1365 olumonliu
796 1268 927 1334 llionaoe
941 1269 1020 1355 filii
1050 1269 1211 1337 Willelmi
1234 1270 1262 1334 le
1286 1271 1381 1338 Boon

211 1431 231 1480 f.
244 1433 302 1482 227.
426 1419 542 1487 Seiani
571 1427 751 1508 praesenbes
782 1427 818 1486 eb
839 1421 947 1486 futuri
971 1422 1058 1507 quod
1092 1444 1153 1507 ego
1175 1421 1326 1500 Thomas,
1349 1422 1438 1486 filius

213 1509 363 1626 glssdssfflss
381 1527 416 1588 ei
437 1522 531 1589 heres
554 1523 714 1587 Willelmi
740 1523 771 1588 le
794 1523 916 1588 Rower
938 1524 979 1588 de
1004 1524 1245 1602 Malmesburia,
1269 1524 1379 1588 remisi
1402 1529 1437 1588 et

213 1641 313 1708 sweyn.
381 1627 531 1710 quiebum
548 1625 689 1691 clamavi
707 1647 766 1710 pro
782 1647 833 1689 me
857 1631 891 1689 et
913 1647 973 1712 pro
993 1626 1170 1691 heredibus
1197 1632 1232 1692 eb
1254 1626 1437 1712 assignatis,

381 1733 416 1792 ei
431 1729 531 1791 etiam
545 1749 606 1813 pro
622 1732 694 1792 tota
709 1727 912 1792 successione
930 1749 1012 1805 mea,
1031 1727 1196 1794 Edwardo
1210 1727 1241 1791 le
1257 1726 1380 1813 Sweyn
1396 1728 1437 1791 de

381 1827 493 1904 Laeuo,
516 1834 625 1892 tolum
644 1828 702 1912 jus
725 1834 760 1892 eb
782 1828 947 1906 olamium,
964 1834 1000 1892 et
1015 1834 1125 1893 tolum
1141 1829 1325 1892 dominium
1349 1829 1434 1913 quod

380 1929 482 1995 habui
513 1929 567 1994 vel
590 1929 702 2015 aliquo
725 1929 823 1995 modo
845 1929 965 1995 habere
1001 1931 1097 2016 potui
1130 1930 1166 1994 in
1190 1931 1247 1994 illo
1269 1932 1436 2016 mesuagio

380 2053 455 2098 oum
478 2031 631 2097 omnibus
662 2033 730 2096 suis
758 2032 979 2117 pertinentiis,
1004 2033 1069 2097 sito
1099 2035 1136 2096 in
1167 2032 1324 2098 suburbio
1347 2031 1436 2098 villae

381 2133 623 2198 Melmesburiae
655 2134 691 2197 in
718 2132 914 2218 Wesbporle‚
946 2134 1036 2198 inter
1065 2134 1200 2198 domum
1223 2133 1363 2199 Walteri
1393 2135 1434 2200 de

380 2236 413 2300 la
446 2235 578 2311 Gutere,
616 2241 650 2300 el
685 2236 816 2300 domum
856 2257 929 2322 quae
964 2235 1030 2301 fuit
1063 2235 1243 2321 aliquando
1276 2233 1435 2301 Willelmi

380 2337 504 2403 Dibun.
562 2335 616 2402 Ita
640 2336 727 2422 quod
750 2359 811 2402 neo
833 2359 893 2424 ego
917 2359 977 2403 nee
1008 2337 1128 2423 aliquis
1155 2338 1312 2403 heredum
1347 2361 1434 2403 meo-

324 2483 327 2491 ·
382 2461 465 2516 rum,
487 2439 542 2504 vel
564 2440 809 2525 assignatorum
832 2461 988 2516 meorum,
1012 2440 1065 2504 vel
1088 2440 1209 2526 aliquis
1240 2441 1280 2506 de
1311 2461 1434 2506 sueces-

382 2543 473 2606 sione
496 2563 578 2617 mea,
596 2541 732 2626 aliquod
750 2542 808 2626 jus
830 2541 883 2604 vel
908 2541 1073 2618 olamium,
1096 2543 1149 2607 vel
1172 2542 1307 2627 aliquod
1330 2542 1434 2607 domi·
1471 2587 1475 2591 -

381 2645 475 2708 nium
498 2645 534 2707 in
561 2643 720 2729 praediolo
743 2643 918 2729 mesuagio,
942 2643 997 2707 vel
1029 2644 1065 2707 in
1088 2643 1199 2729 aliqua
1229 2643 1300 2728 ejus
1330 2649 1433 2730 parte,

381 2748 417 2809 in
440 2745 552 2832 aliquo
582 2751 729 2830 tempore
760 2743 858 2808 nobis
889 2745 1064 2810 vendicare
1096 2745 1265 2830 possimus.
1327 2745 1372 2810 Et
1397 2748 1434 2811 in

380 2849 608 2928 testimonium
645 2845 746 2932 hujus
780 2845 980 2911 remissionis
1014 2854 1050 2912 eb
1081 2848 1203 2932 quietae
1236 2847 1432 2926 clamentiae,

380 2951 442 3017 hoc
481 2951 640 3036 seriptum
678 2949 784 3013 eidem
826 2946 992 3013 Edwardo
1030 2948 1103 3026 feci,
1142 2954 1176 3014 eb
1214 2949 1322 3036 sigillo
1359 2967 1433 3014 meo

380 3052 518 3139 signavi.

761 3254 844 3325 ΟΑΡ.
869 3253 1049 3321 ΟΟΟἮΙ.’

422 3401 527 3464 Curta
557 3395 705 3482 ejusdem
737 3393 869 3460 Tltomce
900 3393 939 3458 de
969 3393 1117 3480 quodum
1147 3395 1321 3480 mamea
1351 3395 1394 3460 iu

810 3497 1007 3583 Westeporle.

214 3652 338 3704 Gnoson
426 3639 541 3705 Sciant
574 3638 751 3722 prsesenbes
787 3638 821 3698 el
843 3633 949 3698 futuri
972 3633 1061 3718 quod
1083 3654 1145 3718 ego
1167 3633 1320 3711 Thomas,
1344 3633 1432 3698 filius

211 3719 358 3837 ᾗὲᾚᾞξῑο
380 3749 414 3808 et
437 3742 531 3806 heres
545 3736 702 3804 Willelmi
727 3735 757 3798 le
782 3735 909 3811 Rower,
926 3734 1010 3812 dedi,
1034 3735 1186 3812 concessi,
1207 3741 1242 3800 et
1263 3735 1325 3800 hae
1348 3758 1431 3822 prae-
1524 3799 1526 3804 .

213 3849 311 3916 Sweyn.
380 3844 466 3910 senti
500 3845 593 3906 carta
630 3859 703 3902 mea
740 3835 932 3900 confirmavi
972 3836 1134 3900 Eduardo
1167 3836 1197 3900 le
1232 3837 1356 3923 Sweyn
1390 3839 1431 3903 de

381 3948 492 4022 Laooo,
516 3963 620 4008 uuum
651 3938 856 4024 mesuagium
884 3960 958 4002 eum
982 3938 1134 4002 omnibus
1165 3938 1233 4003 suis
1264 3939 1431 4024 pertinen-

381 4051 445 4126 uis,
470 4049 572 4114 situm
603 4045 638 4107 in
669 4041 827 4107 suburbio
851 4041 941 4105 villae
973 4039 1215 4106 Malmesburiae
1246 4043 1282 4106 in
1305 4041 1432 4106 Weste-

380 4159 482 4240 porte,
506 4149 594 4214 inber
616 4146 750 4209 domum
773 4141 912 4207 Walteri
944 4141 984 4206 de
1014 4141 1047 4206 la
1076 4141 1208 4223 Gubere,
1232 4150 1267 4208 et
1297 4145 1431 4209 domum

380 4279 454 4343 quea
469 4254 535 4318 suit
549 4249 726 4335 aliquando
737 4246 895 4312 Willelmi
912 4245 1044 4310 Dibun:
1061 4244 1250 4310 habendum
1267 4254 1301 4312 et
1316 4255 1430 4314 tenen-

380 4360 459 4424 dum
483 4355 609 4420 dietum
630 4348 835 4434 mesuagium
863 4368 938 4412 oum
957 4347 1112 4411 omnibus
1135 4347 1203 4410 suis
1222 4349 1431 4432 pertinentiis

379 4463 468 4526 dieto
483 4453 648 4522 Eduardo
671 4455 705 4516 et
727 4449 905 4515 heredibus
921 4449 989 4513 suis
1012 4447 1065 4513 vel
1088 4449 1266 4534 assignatis
1290 4450 1368 4527 suis,
1392 4451 1432 4515 de

378 4585 431 4630 me
453 4568 488 4630 et
509 4555 685 4626 heredibus
708 4555 795 4620 meis,
814 4551 868 4618 vel
883 4552 1059 4638 assignatis
1082 4553 1172 4630 meis,
1187 4553 1297 4630 libere,
1313 4555 1432 4638 quiete,

378 4671 517 4752 integre,
539 4668 574 4729 ei
596 4657 730 4747 pacifice
756 4657 1025 4742 imperpetuum:
1064 4654 1230 4721 reddendo
1264 4655 1342 4721 inde
1373 4677 1434 4720 an·

379 4769 510 4838 nussim
541 4763 624 4831 mihi
665 4766 699 4826 et
730 4757 906 4826 heredibus
940 4758 1022 4824 meis
1054 4757 1108 4826 vel
1138 4755 1318 4845 assignabis
1350 4759 1432 4822 meis
