3524 5808
440 863 443 870 ’
567 935 572 946 .
656 905 835 954 aernumx
862 905 897 954 11.
1244 887 1308 953 405

254 1095 374 1176 teseye.
445 1091 632 1158 Servicium
675 1093 805 1159 abbatis
844 1093 1087 1160 Melmesburiae
1117 1093 1153 1158 in
1191 1094 1311 1159 ultima

255 1213 374 1279 guerre
397 1193 528 1262 Soooiae.

250 1543 351 1608 Breve
379 1541 515 1610 <maini
538 1541 708 1609 Eduardi
730 1541 819 1628 repis
840 1542 988 1608 missum
1010 1541 1125 1608 ubtuli
1146 1542 1302 1610 Mulmes-
1315 1545 1333 1596 f.
1346 1553 1402 1598 297-

295 1644 404 1712 burim
422 1667 488 1732 pro
510 1644 645 1712 utilitia
670 1643 841 1712 Edwardi
855 1643 935 1731 filii
957 1643 1015 1710 sui
1033 1643 1266 1732 pnimopcuiti.

294 1860 479 1926 Edwardus
510 1859 574 1926 Dei
607 1859 716 1948 gratia
747 1882 806 1926 rex
838 1859 980 1948 Angliae,
1002 1858 1155 1926 dominus
1178 1859 1300 1927 Hiber·
1313 1877 1418 1930 writof

249 1961 313 2028 nise
336 1968 371 2027 et
394 1963 463 2027 dux
486 1963 686 2048 Aquitaniae,
719 1962 839 2028 dilecto
865 1962 929 2027 sibi
952 1961 987 2026 in
1020 1962 1153 2028 Christo
1185 1964 1299 2029 abbati
1312 1945 1454 2062 {⁶5¹2de

249 2063 289 2130 de
322 2064 564 2144 Malmesburia,
603 2065 752 2132 salntem.
823 2063 911 2145 Quia
948 2063 1174 2130 ordinavimus
1211 2067 1298 2152 quod
1311 2079 1439 2130 abbotfor

248 2168 432 2234 Edwardus
463 2169 551 2234 filius
585 2173 698 2252 noster¹
729 2167 968 2255 primogenitus
999 2167 1035 2232 in
1066 2168 1150 2233 festo
1181 2144 1454 2278 penwisiigiiii}

248 2275 352 2335 costes
385 2269 535 2356 proximo
569 2269 692 2348 future,
715 2269 788 2335 Deo
819 2269 972 2356 propitio,
1005 2269 1135 2336 militiae
1167 2270 1299 2356 cingulo
1311 2277 1355 2327 the
1363 2277 1447 2346 king's

247 2373 426 2450 decoretur,
449 2395 508 2458 per
530 2373 618 2457 quod
641 2372 681 2437 de
706 2373 783 2458 jure
815 2393 942 2437 coronae
964 2377 1085 2438 nostme
1116 2373 1153 2436 in
1184 2372 1299 2472 hujus·
1312 2345 1458 2476 {lfffssssflm'

203 2493 209 2506 ·
247 2475 332 2540 modi
369 2497 447 2542 casu
469 2475 632 2540 auxilium
655 2473 727 2539 fieri
759 2474 854 2540 nobis
878 2473 996 2552 debet;
1031 2474 1125 2540 vobis
1159 2475 1296 2542 manda.-
1314 2481 1403 2530 1806..

248 2599 320 2642 mus
358 2578 394 2641 in
431 2576 497 2642 fide
534 2582 569 2642 et
611 2576 787 2642 dilectione
831 2575 951 2662 quibus
990 2575 1086 2640 nobis
1130 2579 1300 2656 tenemini,

247 2679 385 2744 firmiter
421 2679 640 2765 injungentes,
673 2679 760 2764 quod
787 2677 822 2742 in
854 2679 997 2744 erastino
1032 2679 1161 2744 Sanctae
1193 2679 1302 2743 Trini-

247 2783 327 2847 tatis
364 2783 515 2868 proximo
546 2781 666 2859 future,
691 2781 764 2846 sitis
802 2781 837 2844 in
860 2781 993 2866 propria
1022 2803 1160 2867 persone
1190 2789 1299 2848 vostra

246 2905 353 2950 coram
392 2885 487 2950 nobis
525 2890 559 2950 et
597 2883 731 2950 consilio
771 2889 883 2948 nostro
921 2884 1010 2970 apud
1046 2884 1301 2951 Westmoneste-

247 2988 344 3070 rium,
380 2989 424 3053 ad
455 2988 667 3054 tractandum
705 2991 740 3051 et
762 2987 982 3052 ordinandum
1020 3009 1088 3052 una
1125 3009 1200 3054 oum
1223 2989 1297 3053 aliis

244 3090 399 3176 praelatis,
436 3089 647 3176 magnetibus
685 3093 720 3154 et
752 3089 939 3174 proceribus
970 3089 1010 3154 de
1047 3111 1147 3176 regno
1185 3095 1297 3156 nostro

245 3192 285 3257 de
308 3193 433 3259 auxilio
456 3193 493 3258 in
516 3213 593 3258 casu
615 3191 775 3277 praedioto
798 3190 893 3254 nobis
917 3189 1075 3269 faciendo,
1098 3193 1197 3256 etad
1220 3215 1297 3258 con-

244 3294 452 3359 sentiendum
475 3293 541 3359 hiis
564 3315 638 3379 quae
668 3292 792 3357 ibidem
827 3292 863 3356 in
896 3291 958 3357 heo
991 3299 1086 3378 pa1te
1120 3295 1296 3380 contigerit

244 3397 396 3474 ordinari,
435 3396 489 3461 vel
526 3400 752 3482 procuratores
791 3415 849 3458 seu
887 3399 1072 3460 attornatos
1110 3401 1237 3461 vestros
1274 3417 1295 3461 a

243 3499 338 3564 vobis
364 3496 581 3564 sufficientem
617 3501 816 3583 potestatem
849 3493 1009 3561 hebentes
1041 3502 1075 3562 et
1107 3498 1293 3576 instructos,

243 3601 286 3669 ad
317 3602 486 3688 praemissa
518 3599 669 3668 faciende
702 3604 783 3665 tune
814 3599 937 3664 ibidem
969 3600 1121 3666 mittatis.
1168 3601 1212 3667 Et
1233 3602 1293 3669 hc-

242 3703 347 3770 bectis
381 3703 428 3768 ibi
462 3703 524 3768 hoc
557 3701 665 3768 breve.
711 3701 808 3767 Teste
848 3723 900 3766 me
923 3701 995 3788 ipso
1026 3704 1117 3790 apud
1151 3703 1290 3792 Wynto·

241 3806 341 3886 niam
364 3828 395 3872 v.
419 3805 472 3873 die
495 3803 630 3892 Aprilis,
653 3825 741 3871 anno
764 3802 858 3891 regni
880 3804 987 3869 nostri
1009 3805 1141 3870 xxxiiii.

284 4005 569 4074 Excellentissimo
599 4029 639 4075 ac
667 4006 933 4074 reverentissimo
964 4006 1097 4074 domino
1135 4029 1205 4086 suo,
1232 4008 1288 4074 do·
1302 4018 1391 4070 nael.

240 4111 330 4176 mino
353 4109 516 4176 Eduardo
538 4109 602 4175 Dei
623 4111 733 4197 gratia
755 4112 825 4198 regi
848 4111 979 4198 Angliae
1002 4109 1133 4190 illustri,
1157 4113 1289 4178 domino
1302 4109 1426 4176 Replyto
1470 4177 1473 4184 .

240 4211 412 4278 Hiberniae
436 4218 470 4278 et
493 4211 570 4277 duci
592 4213 792 4298 Aquitaniae,
820 4212 960 4277 devotus
991 4235 1070 4278 suus
1102 4214 1289 4299 capellanus
1302 4178 1462 4309 ffiffifiss

238 4315 340 4380 frater
362 4313 547 4379 Willelmus
569 4314 610 4379 de
633 4313 843 4380 Malmesbur’
867 4313 1009 4382 ecclesiae
1042 4315 1192 4380 minister
1226 4315 1288 4380 hu·
1301 4311 1456 4440 ῗὲξῡὲέἕω·

238 4415 335 4493 milis,
358 4416 478 4483 devote
500 4417 687 4482 orationum
709 4417 866 4503 suffragia
895 4439 970 4482 cum
994 4417 1100 4482 salute
1122 4419 1288 4485 continua.
1301 4443 1426 4509 mentun]

238 4519 293 4584 Ad
316 4519 510 4586 mandatum
525 4525 674 4586 vestrum
697 4520 733 4584 in
748 4520 893 4585 crastino
909 4519 1040 4586 Sancta
1056 4520 1229 4586 Trinitatis
1252 4523 1288 4586 in
1303 4539 1375 4586 rsus.

237 4621 370 4710 propria
392 4643 532 4708 persona
553 4627 666 4688 nostru
688 4643 797 4688 eorem
820 4621 914 4686 vobis
945 4626 979 4685 et
1011 4621 1145 4687 consilio
1181 4630 1289 4689 vestro

233 4725 324 4811 apud
347 4723 684 4802 westmonasterium,
707 4725 804 4790 novit
828 4723 926 4800 Deus,
959 4723 1002 4788 ad
1029 4745 1171 4808 prrusens
1201 4744 1287 4791 oom-

234 4829 333 4895 mode
355 4828 513 4894 interesse
536 4849 602 4892 non
625 4827 796 4914 possimus.
845 4826 888 4890 Et
922 4847 963 4891 ne
995 4825 1145 4892 absentia
1177 4835 1290 4896 nostra
