3524 5808
501 958 701 1010 nuolsuuuu
724 957 1049 1009 ulluuslmmnusu.
1242 945 1307 1008 339

249 1168 325 1233 quae
349 1147 389 1212 de
421 1151 530 1213 cetero
552 1146 635 1212 fient
668 1148 704 1212 in
736 1147 871 1213 ecclesia
905 1168 965 1214 sua
996 1147 1155 1232 praedicta
1187 1147 1306 1233 imper-

247 1255 393 1337 petuum.
441 1249 486 1315 Et
507 1250 579 1316 baeo
602 1250 776 1317 concordia
798 1250 887 1316 facta
920 1251 988 1315 fuit
1013 1272 1071 1335 per
1102 1256 1305 1336 praeceptum

248 1353 375 1418 domini
398 1353 492 1438 regis.

638 1565 720 1642 Ona„
743 1563 913 1631 OOOOLI.

247 1735 351 1803 Oorto
374 1734 504 1800 obbatis
527 1741 557 1798 et
580 1740 762 1798 conventus
779 1734 875 1820 facto
912 1732 1064 1797 Ricocdo
1097 1731 1241 1797 Husuud
1274 1737 1304 1796 et

337 1838 496 1905 Juliuuoe
542 1837 646 1902 elmoni
690 1858 762 1901 auca
809 1835 848 1901 de
894 1842 1076 1902 denunciato
1131 1834 1306 1920 quondum

337 1941 468 2006 Euamae
499 1939 620 2005 Ftola'c,

296 2118 458 2184 Omnibus
482 2117 609 2183 Christi
632 2117 785 2183 fidelibus
816 2139 959 2203 piaesens
991 2117 1149 2203 scriptum
1182 2119 1302 2184 visuris
1317 2116 1448 2194 Gfflfltfor

248 2221 302 2284 vel
325 2221 497 2297 audituris,
521 2219 707 2284 willelmus
729 2220 793 2285 nel
808 2221 917 2306 glacia
932 2219 1033 2284 abus
1050 2220 1300 2301 Malmesburiae,
1314 2184 1442 2306 iffi

249 2326 283 2387 et
306 2323 452 2407 ejusdem
476 2322 538 2387 loci
561 2325 752 2398 conventus,
768 2321 908 2387 salutem
924 2327 1083 2388 aeternam
1099 2323 1133 2386 in
1149 2323 1300 2388 Domino.
1314 2321 1438 2436 gusgia,

250 2425 392 2490 Noverit
430 2426 630 2490 universitas
668 2430 779 2490 uestra
816 2446 876 2491 nos
921 2427 1115 2491 concessisse
1161 2390 1452 2506 Ricardo'cliircii.ils

251 2528 382 2593 Hasard
406 2535 440 2592 et
462 2527 607 2592 Julianae
631 2529 727 2592 uxori
750 2529 829 2612 ejus,
846 2533 954 2592 totum
970 2527 1052 2592 illud
1078 2535 1303 2595 tenementum

251 2633 353 2695 situm
377 2655 418 2696 ex
442 2632 594 2716 opposito
617 2631 761 2696 ecclesiae
785 2631 899 2695 Sancti
930 2631 1026 2694 Pauli
1050 2633 1085 2695 in
1117 2633 1198 2697 villa
1223 2635 1305 2699 Mal·

252 2734 435 2811 mesburiae,
466 2735 555 2818 quod
594 2735 713 2798 Emma
751 2733 871 2817 Florye
918 2735 1084 2818 quondam
1124 2737 1164 2800 de
1210 2738 1305 2802 nobis

252 2837 370 2904 tenuit.
417 2837 619 2901 Habendum
643 2841 677 2900 et
707 2837 888 2900 tenendum
922 2837 1046 2902 dictum
1082 2843 1305 2904 tenementum
1319 2849 1408 2899 naal.

252 2963 326 3006 cum
359 2939 512 3005 omnibus
544 2939 756 3024 pertinentiis
790 2939 859 3001 suis
894 2937 1061 3022 praedictis
1094 2939 1234 3006 Rical'do
1272 2949 1307 3007 et

252 3042 397 3107 Julianae
420 3041 574 3106 omnibus
598 3039 713 3105 diebus
737 3040 818 3104 vitae
844 3061 965 3116 eorum,
988 3040 1042 3105 vel
1065 3062 1175 3106 eorum
1211 3043 1308 3109 alteri

253 3146 309 3231 qui
332 3150 497 3232 superstes
535 3144 648 3221 fuerit,
671 3143 712 3207 de
736 3143 831 3208 nobis
854 3148 891 3208 et
917 3145 1155 3209 successoribus
1177 3145 1307 3224 nostris,

252 3247 354 3313 libere
378 3255 411 3312 et
434 3246 546 3332 quiete
570 3247 614 3312 ad
637 3246 742 3310 vitam
770 3267 891 3310 eorum.
938 3245 1118 3311 Reddendo
1150 3248 1227 3312 inde
1250 3271 1309 3314 all-

254 3350 382 3415 nuatim
407 3348 602 3434 pitanciario
625 3352 738 3411 nostro
762 3347 819 3431 qui
843 3368 903 3432 pro
926 3353 1073 3432 tempore
1095 3348 1204 3425 fuerit,
1228 3351 1305 3416 duo-

255 3450 359 3515 decim
383 3449 503 3514 solidos
526 3449 568 3513 ad
592 3453 735 3533 quatuor
767 3448 847 3511 anni
879 3447 1037 3512 terminos
1071 3455 1243 3515 consuetos
1275 3456 1308 3517 et

254 3553 416 3630 usitatoa;
446 3551 611 3624 videlicet,
639 3551 681 3616 ad
720 3549 843 3615 festum
882 3551 996 3616 Sancti
1038 3550 1209 3616 Michaelis
1241 3559 1307 3620 tres

255 3655 384 3730 solidos,
414 3653 457 3719 ad
480 3654 601 3718 festum
626 3653 740 3718 Sancti
765 3653 907 3717 Andreae
932 3653 1073 3738 apostoli
1088 3659 1154 3718 tres
1180 3655 1308 3734 solidos,

255 3758 297 3822 ad
320 3757 441 3822 festum
465 3755 745 3820 Annunciationis
767 3754 880 3819 Beatae
897 3755 1011 3820 Mariae
1038 3759 1103 3820 tres
1123 3757 1251 3835 solidos,
1275 3766 1310 3823 et

255 3861 298 3924 ad
332 3858 456 3923 festum
492 3857 692 3922 Natiuitatis
726 3857 823 3922 Beati
855 3856 1019 3922 Johannis
1051 3857 1212 3942 Baptistae
1244 3865 1309 3926 tres

255 3962 396 4038 solidoa3
428 3967 463 4025 et
494 3959 684 4044 coquinario
715 3963 828 4023 nostro
851 3959 908 4042 qui
939 3980 999 4044 pro
1020 3965 1167 4046 tempore
1199 3962 1307 4040 fuerit,

258 4064 427 4128 duodecim
453 4062 603 4126 denarios
626 4063 667 4125 de
690 4060 850 4147 burgagio
873 4060 909 4124 in
932 4061 1018 4126 festo
1042 4059 1156 4127 Sancti
1180 4063 1309 4150 Augus-

257 4167 322 4230 tini
346 4187 404 4250 pro
428 4164 517 4227 oulni
541 4163 689 4238 seluicio
713 4161 851 4226 seculari
876 4162 1049 4227 exactione
1081 4168 1115 4227 et
1138 4165 1311 4242 demanda,

257 4267 358 4331 salvis
381 4265 494 4330 liberis
525 4265 622 4350 burgi
645 4263 941 4330 consuetudinibus
973 4264 1094 4328 debitia
1128 4271 1162 4330 et
1196 4289 1311 4331 consu-

256 4371 328 4435 etis.
374 4368 465 4434 Dicti
489 4389 567 4432 vero
591 4367 751 4432 Ricardus
774 4371 809 4430 et
830 4365 967 4430 Juliana
1000 4367 1195 4452 plaedictum
1220 4376 1309 4434 tene-

258 4477 407 4536 mentum
431 4492 506 4535 cum
529 4470 682 4534 omnibus
705 4469 913 4554 pertinentiis
934 4469 1001 4532 auis
1025 4469 1059 4532 in
1084 4470 1197 4534 eodem
1219 4477 1309 4534 statu

259 4595 325 4659 quo
349 4572 433 4637 illud
457 4577 661 4658 receperunt,
685 4572 740 4637 vel
762 4571 898 4648 meliori,
931 4571 999 4636 suia
1027 4571 1167 4657 propriis
1199 4595 1310 4660 sump-

258 4677 350 4740 tibus
382 4674 602 4741 sustincbunt.
650 4675 721 4740 Nec
751 4675 849 4740 liceat
883 4675 1040 4760 praedicto
1075 4673 1215 4740 Ricardo
1252 4686 1312 4742 aut

260 4777 404 4842 Julianee
429 4779 526 4843 uxori
560 4777 630 4862 ejus
662 4777 856 4863 praedictum
889 4783 1115 4842 tenementum
1147 4777 1246 4843 alicui
1269 4779 1313 4844 ad

259 4879 388 4945 firmam
412 4881 541 4946 tradere
564 4880 618 4946 vel
641 4879 792 4959 vendere,
824 4880 1002 4958 invadiare,
1026 4878 1079 4944 vel
1103 4879 1214 4965 aliquo
1247 4881 1312 4946 alio

1111 5009 1135 5058 Y
1159 4997 1179 5058 2
