3566 5820
195 4081 197 4088 ,
253 4039 331 4088 about
342 4055 358 4088 a

434 881 497 945 188
685 899 885 952 arursrsuu
909 903 1230 954 uranassusrmsa.

430 1091 519 1175 apud
557 1091 742 1169 Redeclive,
773 1093 862 1178 quod
895 1093 991 1159 nohis
1028 1095 1065 1158 in
1102 1093 1301 1160 escambium
1338 1091 1480 1156 incarta-

416 1194 487 1266 ,vit
546 1193 710 1260 Tenemur
732 1195 834 1262 etiam
857 1196 982 1262 scivere
1017 1197 1123 1262 cidem
1158 1195 1300 1261 Ricardo
1332 1199 1366 1258 et
1387 1193 1480 1258 here·

428 1293 526 1360 dibus
549 1296 603 1362 vel
625 1296 800 1384 assignatis
816 1297 884 1362 suis
899 1299 1081 1377 annuatim,
1098 1299 1243 1384 quinque
1260 1296 1380 1362 solidos
1401 1299 1482 1359 ster-

428 1395 615 1483 linguorum
638 1400 674 1463 in
697 1400 838 1466 crastino
862 1401 958 1466 Beati
980 1399 1148 1466 Aldhelmi
1170 1401 1207 1465 in
1222 1399 1481 1465 emendationem

427 1501 591 1579 escambii,
613 1523 673 1589 pro
696 1503 848 1568 omnibus
870 1505 986 1584 rebus;
1009 1505 1052 1571 ad
1075 1527 1156 1592 quos
1190 1505 1336 1590 quinque
1359 1501 1479 1566 solidos

427 1603 586 1688 praedicto
608 1607 750 1672 termino
773 1607 880 1673 eidem
904 1607 1045 1673 Ricardo
1069 1612 1104 1672 et
1136 1606 1313 1672 heredibus
1335 1605 1403 1670 suis
1426 1603 1480 1668 vel

427 1707 602 1793 assignatis
618 1709 798 1786 solvendos,
814 1711 1057 1775 attumavimus
1072 1710 1266 1796 pradictum
1277 1707 1479 1772 Wiilelmum

427 1831 526 1896 super
547 1810 684 1890 Hullam
708 1817 742 1877 et
764 1833 961 1878 successores
976 1835 1060 1889 suos,
1076 1813 1273 1898 quicumque
1288 1810 1478 1897 praedictam

426 1914 590 1999 virgatam
614 1917 789 1982 tenuerint
846 1916 900 1983 Ita
922 1917 1010 2002 quod
1042 1917 1071 1982 si
1105 1915 1273 2002 praedicto¹
1296 1914 1480 1979 terminon

426 2016 589 2082 solutione
612 2018 844 2104 predictorum
878 2019 1025 2105 quinque
1059 2018 1238 2084 solidorum
1271 2015 1479 2091 cessaverint,

426 2124 624 2204 potestatem
647 2121 797 2185 dedimus
820 2122 977 2207 praedicto
994 2121 1135 2187 Ricardo
1157 2126 1192 2185 ct
1214 2119 1388 2184 heredibus
1411 2117 1479 2182 suis

426 2221 480 2286 vel
503 2223 687 2308 assignatis,
710 2245 764 2288 eos
787 2223 982 2309 distringere
1009 2245 1068 2310 per
1090 2223 1202 2288 namia
1224 2243 1321 2309 super
1344 2220 1479 2308 praedic-

426 2330 495 2389 tam
518 2325 691 2410 virgatam,
706 2326 765 2390 ubi
787 2327 904 2391 melius
920 2325 1074 2413 potuerit,
1091 2347 1194 2412 usque
1216 2325 1259 2389 ad
1274 2323 1478 2388 solutionem·

425 2408 657 2492 laudantem
680 2428 880 2493 escambium
908 2449 968 2514 pro
992 2435 1086 2514 parte
1109 2432 1223 2492 nostra
1245 2432 1397 2522 tenemur
1410 2447 1477 2490 wa-

424 2516 587 2595 rantizarc
609 2531 767 2616 praedicto
791 2530 934 2596 Ricardo
949 2535 984 2595 et
1005 2529 1181 2595 heredibus
1204 2527 1273 2593 suis
1295 2527 1350 2592 vel
1372 2527 1472 2614 assig-

424 2633 520 2709 natis,
556 2637 590 2697 et
612 2632 681 2718 ipse
704 2632 800 2698 nobis
822 2655 883 2720 pro
916 2638 1010 2718 parte
1034 2654 1102 2710 sua,
1126 2637 1240 2697 contra
1274 2651 1386 2694 omnes
1419 2630 1477 2694 ho-

424 2735 529 2800 mines
552 2742 586 2801 et
608 2737 756 2803 feminas,
804 2737 848 2801 Et
863 2742 901 2801 ut
916 2737 1007 2802 istud
1030 2736 1228 2802 escambium
1243 2735 1343 2800 robur
1357 2734 1478 2798 habeat

425 2839 601 2915 firmitatis,
624 2839 780 2925 praesenti
803 2845 895 2904 carta
910 2844 1023 2905 nostra
1046 2861 1120 2904 cum
1144 2838 1326 2926 sigillomm
1350 2841 1476 2902 nostro-

423 2963 496 3007 rum
519 2942 729 3029 impressione
752 2940 823 3009 haec
845 2943 956 3008 omniu
978 2942 1249 3009 confirmavimus.

818 3183 898 3250 Car.
922 3182 1080 3251 CCCXX.

426 3333 628 3421 Compositio
652 3357 756 3421 super
778 3335 923 3402 &eursu
946 3359 1046 3424 aquea
1064 3336 1210 3425 firmatis
1232 3337 1326 3403 inter
1349 3307 1474 3402 terrum

512 3442 643 3509 abbatia
665 3443 920 3510 Mutnwaburtae
943 3445 1041 3531 apud
1074 3445 1335 3523 brumetonam
1367 3467 1473 3531 yrun

510 3544 608 3630 ytum
630 3543 762 3612 obbatis
784 3546 825 3612 de
848 3547 1084 3633 Kyngaswoda

190 3659 199 3673 ἱ
255 3702 405 3780 Setuemenr
468 3685 634 3751 Noverint
648 3685 795 3751 universi
811 3687 1068 3752 controversiam
1085 3690 1173 3752 inter
1186 3687 1324 3753 abbates
1347 3694 1382 3753 et
1397 3707 1472 3753 con-

254 3771 387 3888 ⁰¹⁸?th
422 3793 543 3854 ventus
567 3789 607 3854 de
630 3787 866 3855 Malmeshuria
888 3789 979 3856 etde
996 3789 1228 3876 Kyngeswode
1254 3790 1379 3855 dudum
1402 3813 1472 3856 sus-

253 3852 409 3969 irinegsmwoou
422 3892 558 3958 citatam
581 3895 616 3955 ct
639 3890 697 3954 diu
718 3889 876 3969 habitam,
893 3912 1052 3957 consensu
1076 3897 1110 3956 et
1124 3891 1298 3956 voluntate
1313 3891 1472 3958 abbatum

252 3972 335 4037 abbey
421 4001 456 4061 et
478 3998 701 4062 conventuum
723 3993 896 4080 utriusque
930 3996 1047 4059 domus
1070 3994 1106 4058 in
1128 3993 1218 4060 hunc
1239 3993 1373 4059 modum
1396 4016 1472 4060 cun-

253 4103 306 4155 mill
322 4104 406 4158 unice
421 4099 605 4184 quievisse:
640 4095 772 4174 scilicet,
795 4097 883 4182 quod
907 4119 982 4162 cum
1006 4097 1175 4164 contentio
1198 4102 1284 4162 esset
1306 4097 1394 4163 inter
1415 4119 1470 4164 eos

420 4223 519 4288 super
540 4200 680 4265 decursu
702 4197 849 4263 fluminis
865 4199 999 4264 fluentis
1021 4199 1111 4264 inter
1133 4205 1254 4266 terram
1277 4199 1407 4266 abbatis
1430 4201 1471 4266 de

420 4303 653 4370 Malmesburia
675 4301 761 4386 apud
787 4299 1001 4380 chventonq
1025 4307 1060 4367 et
1085 4303 1256 4389 grangiam
1278 4301 1407 4367 abbatis
1430 4303 1471 4367 dc

419 4404 652 4493 Kyngeswode
671 4403 760 4490 apud
783 4403 1019 4481 Tetteburiam,
1034 4404 1154 4470 abbate
1174 4405 1216 4469 de
1237 4405 1471 4470 Malmesburia

419 4512 638 4595 conquerente
662 4527 696 4570 se
718 4506 863 4570 multum
894 4505 1166 4592 dampnificatum
1189 4505 1297 4584 fuisse,
1321 4529 1359 4573 co
1380 4507 1471 4593 quod

366 4607 370 4614 ’
419 4615 552 4682 exclusa
585 4609 765 4677 molendini
797 4607 926 4674 abbatis
959 4613 993 4674 et
1024 4607 1258 4676 monachorum
1300 4609 1340 4675 de
1373 4609 1469 4696 Kyn-

418 4719 568 4807 gcsvvode
600 4716 708 4802 posita
740 4718 826 4778 esset
860 4713 902 4777 ad
936 4717 1171 4778 nocumentum
1194 4711 1281 4799 prati
1305 4717 1340 4778 et
1371 4718 1467 4778 terrae

418 4821 548 4890 abbatis
570 4819 611 4884 de
634 4815 867 4884 Malmcsburia
891 4835 949 4901 per
971 4815 1164 4900 praedictam
1186 4815 1353 4883 exclusam
1375 4837 1468 4885 0001„
