3526 5810
527 893 725 946 uuorsrnuu
750 892 1072 944 usuumeumruss.
1262 879 1326 944 319

601 1185 680 1251 One.
703 1183 993 1252 OOCCXXXVII.

274 1315 412 1380 Firmiis
439 1313 619 1379 concordio
641 1313 733 1378 inter
755 1313 906 1378 (obtutam
937 1313 976 1377 dc
1000 1313 1173 1379 Btucdoae
1195 1321 1224 1378 et
1250 1313 1329 1380 ocl-

355 1417 500 1504 fricl‘um
523 1415 673 1481 abbatem
705 1417 745 1482 eie
768 1415 1022 1492 protectorio,
1046 1417 1086 1480 eie
1109 1423 1200 1480 terme
1231 1416 1328 1504 opud

369 1521 461 1587 tht
449 1528 497 1585 etr
499 1521 612 1586 burm

320 1647 401 1711 Haec
425 1651 475 1710 est
497 1644 606 1709 finalis
623 1645 795 1709 concordie
817 1645 937 1710 fecta'
928 1667 963 1708 m
979 1645 1070 1710 curia
1093 1644 1218 1709 domini
1234 1641 1491 1730 regis,1¹'¹¹1¹²l⁰0n

272 1748 363 1834 apud
388 1747 569 1823 Wiltoncs
561 1769 596 1809 m
619 1746 744 1811 octabis
765 1746 867 1811 Sanct
853 1754 896 1811 tae
920 1747 1103 1822 Trinitatis
1126 1767 1214 1810 armo
1237 1769 1329 1832 regni
1320 1711 1478 1841 {mrim

273 1851 360 1936 regis
384 1849 522 1914 Henrici
546 1849 607 1912 filii
639 1849 728 1934 regis
750 1849 915 1913 Johannis
947 1850 1114 1914 tricesimo
1147 1851 1254 1925 terti0,
1277 1870 1329 1914 co·
1343 1843 1442 1892 landet

273 1975 343 2017 ram
369 1951 513 2016 Henrico
530 1951 570 2015 de
595 1950 769 2026 Bathonia
793 1951 900 2014 Aieno
924 1951 964 2016 de
989 1949 1142 2026 Wesaud,
1166 1951 1330 2016 Willelmo
1344 1907 1501 2024 iiiichme

275 2055 315 2120 de
348 2053 504 2128 Wiltone,
528 2052 712 2138 Reginaldo
744 2053 784 2116 de
820 2051 1062 2116 Cobehamt
1028 2059 1062 2117 et
1100 2052 1266 2118 WilleImo
1300 2042 1387 2118 lew‘
1380 2040 1458 2090 niter.

276 2157 427 2232 Bretone‚
447 2155 643 2240 justiciariis
668 2155 914 2232 itinerantibus
938 2160 973 2219 et
996 2154 1071 2220 aliis
1095 2155 1220 2219 domini
1244 2156 1329 2240 regis
1343 2109 1449 2158 bourne

274 2258 426 2323 fidelibus
443 2264 524 2321 tune
547 2256 593 2320 ibi
618 2256 845 2342 praesentibus,
862 2256 951 2320 inter
973 2255 1154 2320 Rebertum
1175 2257 1329 2322 abbatem

275 2363 316 2426 de
340 2360 502 2446 Byndone
526 2365 726 2444 querentem,
751 2378 810 2443 per
834 2358 1032 2423 Nicholaum
1056 2359 1155 2422 Bulre
1186 2362 1330 2444 positum

274 2465 345 2529 loco
368 2484 427 2527 suo
450 2463 493 2527 ad
526 2446 719 2525 lucrandum
754 2461 807 2525 vel
840 2461 1053 2545 perdendum,
1076 2465 1111 2526 et
1143 2461 1330 2526 Galsridum

275 2567 429 2630 abbatem
446 2565 486 2628 de
503 2563 740 2627 Malnresburia
755 2563 1000 2648 impedientem,
1016 2585 1074 2648 per
1094 2563 1272 2627 Ricardum
1289 2565 1330 2628 de

276 2669 404 2732 Kaneia
427 2668 571 2753 positum
597 2666 666 2730 loco
689 2687 749 2729 suo
767 2667 809 2730 ed
825 2667 1018 2730 lucrandum
1041 2667 1095 2730 vel
1118 2667 1330 2751 perdendum,

274 2770 314 2832 de
339 2769 468 2834 duabus
484 2768 573 2832 hidis
596 2774 693 2831 tense
716 2774 751 2832 et
773 2768 885 2832 decem
910 2768 1060 2832 solidatis
1083 2768 1232 2832 redditus
1255 2791 1330 2833 cum

275 2872 486 2957 pertinentiis
502 2873 537 2934 in
553 2870 811 2955 Wynterburne,
829 2870 1089 2946 Blauncmustre,
1100 2871 1208 2934 tribus
1222 2873 1331 2956 virga-

275 2975 319 3038 tis
331 2979 427 3038 terrae
446 2995 520 3037 cum
532 2973 742 3058 pertinentiis
759 2974 794 3034 in
808 2971 911 3047 Well'‚
928 2973 1016 3036 unde
1032 2972 1192 3057 placitum
1204 2995 1331 3038 waran-

275 3077 333 3140 tiae
356 3082 456 3140 cartae
479 3075 719 3139 summonitum
742 3073 809 3137 fuit
832 3075 919 3138 inter
942 3096 997 3138 eos
1021 3075 1056 3138 in
1088 3075 1202 3139 eadem
1230 3077 1329 3141 curia.

276 3178 410 3243 Scilicet
425 3179 513 3263 quod
525 3177 702 3263 praedictus
718 3176 819 3241 abbas
837 3177 877 3241 de
895 3177 1129 3242 Melmesburia
1139 3179 1332 3264 recognovit

276 3281 468 3366 predictam
484 3286 606 3344 terram
623 3287 658 3344 et
673 3279 839 3343 redditum
857 3301 931 3343 cum
956 3280 1165 3364 pertinentiis
1188 3302 1257 3344 esse
1275 3281 1333 3366 jus

276 3383 381 3468 ipsius
405 3381 535 3446 abbatis
567 3381 607 3444 de
632 3380 813 3463 Bynedone
837 3386 871 3444 et
894 3380 1036 3444 ecclcsiee
1059 3377 1127 3446 suec
1159 3381 1198 3445 de
1222 3381 1352 3466 Byne-·

277 3486 370 3560 done,
393 3487 433 3547 ut
456 3483 513 3548 illa
536 3503 610 3567 quae
641 3481 729 3545 idem
754 3481 882 3564 [abbas]
908 3481 948 3546 de
973 3482 1153 3566 Bynedone
1175 3489 1210 3547 et
1233 3484 1333 3549 eccle·

276 3586 327 3649 sia
349 3605 409 3648 sua
438 3582 598 3669 praedicta
624 3581 749 3646 habent
780 3582 820 3646 de
844 3582 931 3645 dono
956 3583 1106 3666 predicti
1139 3583 1270 3648 ebbetis
1293 3585 1334 3649 dc

279 3686 515 3750 Melmeeburie
538 3690 572 3748 et
594 3687 776 3747 conventus
800 3682 944 3767 ejusdem
970 3683 1039 3748 loci.
1080 3683 1277 3750 Habendam
1301 3691 1335 3751 et

278 3787 455 3852 tenendam
491 3787 597 3850 eidem
629 3783 742 3849 abbati
776 3784 816 3847 de
840 3784 1008 3848 Binedone
1032 3790 1066 3849 et
1097 3788 1335 3852 successoribus

279 3889 347 3952 suis
379 3893 414 3951 et
456 3886 598 3951 eeclesiis
629 3906 696 3949 suae
736 3884 912 3969 praedictae,
944 3886 985 3949 de
1023 3887 1181 3970 praedicto
1214 3888 1335 3954 abbate

280 3991 321 4054 de
345 3988 582 4053 Malmesburia
605 3995 639 4053 et
671 3986 912 4070 successoribus
947 3988 1024 4064 suis,
1048 3994 1083 4052 et
1106 3990 1241 4054 ecclesie
1275 4013 1335 4054 sua

280 4092 320 4156 de
346 4089 587 4165 Malmesburia,
617 4090 652 4152 in
685 4088 821 4153 liberem
845 4095 879 4152 et
904 4095 1099 4175 perpetuam
1123 4090 1334 4156 elemosinam

280 4195 532 4279 imperpetuum.
580 4191 675 4257 Facit
708 4191 785 4256 inde
819 4191 929 4277 regale
961 4193 1137 4258 servicium
1172 4198 1335 4278 quantum

282 4296 427 4380 pertinet
457 4295 500 4358 ed
531 4298 664 4358 tentum
698 4297 923 4357 tenementum
958 4292 998 4357 de
1021 4293 1135 4358 eodem
1171 4294 1265 4359 feodo
1299 4297 1335 4358 in

281 4397 395 4462 eadem
428 4395 516 4472 villa,
541 4417 600 4480 pro
633 4395 722 4459 omni
754 4395 902 4471 servicio,
924 4395 1160 4460 consuetudine
1183 4402 1218 4460 et
1240 4417 1334 4461 exee-

281 4499 380 4562 tione.
428 4497 472 4562 Et
495 4497 673 4582 praedictus
700 4497 802 4562 abbas
824 4497 866 4561 de
889 4496 1124 4564 Melmesburia
1145 4503 1180 4563 et
1211 4521 1336 4565 sucees-

281 4621 369 4665 sores
393 4601 496 4664 suist
518 4599 653 4664 ecelesia
676 4619 736 4664 sua
758 4599 925 4685 praedicta,
942 4599 1206 4665 warantizabunt
1228 4602 1335 4666 eidem
1415 4669 1419 4676 ,

281 4701 395 4768 abbati
419 4702 460 4766 de
491 4701 672 4787 Bynedone
700 4706 734 4766 et
765 4701 1005 4767 successoribus
1028 4703 1106 4782 suis,
1134 4709 1168 4768 et
1191 4702 1334 4770 ecclesiae

280 4825 357 4882 suec,
380 4805 575 4891 praedietem
605 4810 727 4869 terrem
750 4808 784 4868 et
809 4804 977 4870 redditum
1010 4825 1085 4872 oum
1115 4807 1335 4894 pertinentiis,
1347 4809 1366 4863 f·
1380 4815 1438 4862 ²⁸⁴·
