3566 5820
414 882 479 948 124
665 896 864 951 eremmon
887 898 1210 952 umnrsaumausa.

412 1111 519 1157 meam
542 1093 583 1158 de
606 1092 862 1180 Foweleswyka
880 1113 956 1160 cum
978 1093 1138 1170 domibus,
1164 1093 1368 1180 curtillagiis,
1390 1114 1463 1180 ger-

413 1194 510 1273 dinis,
537 1193 657 1274 croftis,
690 1196 802 1281 pratis,
834 1193 987 1282 pasohuis
1019 1200 1054 1260 et
1085 1194 1238 1282 pasturis,
1267 1195 1452 1260 redditibus

411 1296 550 1376 releviis,
573 1299 703 1377 wardia,
727 1298 896 1376 eschaetis,
920 1305 954 1364 et
976 1319 1051 1365 cum
1081 1299 1234 1364 omnibus
1257 1298 1331 1365 aliis
1353 1299 1451 1364 rebus

408 1400 625 1479 libertatibus,
658 1406 693 1467 et
725 1401 837 1467 liberis
868 1401 1170 1480 consuctudinibus,
1192 1401 1236 1467 ad
1269 1401 1460 1486 praedictam

409 1510 531 1572 terram
553 1505 665 1591 aliquo
698 1505 796 1572 modo
830 1505 1083 1591 pertinentibus,
1106 1505 1150 1571 ad
1183 1504 1459 1571 sustentationem

408 1609 507 1674 unius
545 1607 714 1695 capellani,
753 1607 812 1692 qui
849 1605 1028 1674 celebrabit
1065 1606 1181 1672 divina
1219 1607 1254 1671 in
1288 1607 1460 1674 chamario

408 1715 595 1776 constructo
631 1710 669 1775 in
702 1709 876 1796 cymiterio
910 1709 1162 1786 Malmesburiae,
1194 1709 1459 1796 imperpetuum

407 1813 570 1891 videlicet
597 1813 780 1890 Dominiea,
807 1810 890 1878 feria
913 1813 1022 1890 tertia,
1054 1817 1089 1877 et
1113 1811 1267 1891 sabbate,
1290 1815 1331 1878 de
1354 1813 1459 1881 Beata

407 1915 551 2002 Virgine,
582 1921 617 1983 et
648 1937 723 1982 cum
755 1916 902 1982 oratione
932 1937 991 2000 pro
1026 1915 1198 1993 defunctis,
1222 1918 1349 1984 caeteris
1381 1940 1460 1983 vero

407 2018 521 2084 diebus
544 2038 604 2105 pro
637 2018 811 2085 animabus
844 2017 992 2083 omnium
1025 2017 1173 2083 fidelium
1206 2018 1458 2086 defunctorum:

406 2119 592 2187 habendam
627 2125 661 2186 et
694 2120 872 2185 tenendam
905 2124 1010 2184 totam
1042 2121 1234 2204 praedictam
1267 2127 1390 2187 temam
1418 2123 1458 2187 de

406 2221 653 2308 Foweleswyke
676 2221 842 2308 praedictis
869 2221 982 2286 abbati
1015 2226 1049 2287 et
1071 2223 1249 2289 conventui
1283 2229 1318 2289 et
1347 2244 1459 2289 eorum

405 2326 651 2403 successoribus,
685 2326 722 2391 in
756 2325 830 2402 viis,
862 2325 899 2389 in
930 2326 1034 2412 aquis,
1068 2325 1104 2390 in
1142 2326 1276 2404 semitis,
1311 2327 1458 2406 vivariis,

405 2428 532 2515 stagnis
554 2449 593 2496 ao
623 2427 830 2505 molendinis,
863 2448 938 2494 oum
971 2425 1132 2504 domibus,
1156 2427 1362 2515 curtillagiis,
1383 2449 1458 2515 gar-

405 2531 500 2609 dinis,
524 2530 645 2608 croftis,
668 2529 780 2616 pratis,
810 2528 963 2616 paschuis
996 2533 1031 2593 et
1064 2528 1216 2614 pasturis,
1249 2529 1362 2608 boscis,
1386 2533 1459 2596 red-

404 2635 538 2712 ditibus,
553 2633 693 2711 releviis,
717 2633 847 2710 wesdis,
866 2631 1033 2708 eschaetis,
1056 2637 1188 2697 etcum
1211 2632 1362 2698 omnibus
1385 2633 1460 2700 aliis

404 2738 510 2815 rebus,
532 2737 742 2803 libertatibus
774 2739 808 2800 et
839 2735 951 2801 liberis
983 2735 1285 2813 consuetudinibus,
1309 2735 1352 2801 ad
1374 2758 1457 2822 prae·

405 2840 528 2907 dictam
544 2845 666 2906 tortam
690 2841 730 2905 da
746 2837 994 2924 Fowelaswyke
1014 2837 1239 2922 aliquomodo
1261 2837 1457 2923 pertinenti·

404 2945 476 3024 bus,
498 2942 601 3009 libera
623 2947 658 3009 et
680 2942 800 3028 quiete,
822 2941 952 3027 integre
975 2944 1010 3007 et
1031 2939 1175 3025 pacifice,
1202 2940 1455 3026 imperpetuum.

405 3050 450 3115 Et
472 3069 532 3136 ego
555 3049 712 3136 magister
734 3044 914 3113 Nioholaus
945 3048 980 3109 et
1000 3042 1136 3110 heredes
1158 3043 1223 3109 mei
1245 3047 1351 3110 totam
1374 3064 1457 3130 prea-

403 3154 527 3220 dictam
564 3156 686 3216 terram
724 3149 766 3215 de
797 3144 1027 3232 Fowleswyke
1065 3167 1140 3212 cum
1172 3144 1324 3211 omnibus
1359 3147 1458 3213 rebus

403 3254 659 3342 praenominatis,
683 3259 719 3318 et
740 3250 892 3318 omnibus
923 3248 997 3315 eliis
1029 3248 1239 3334 pertinentiis
1273 3249 1350 3326 suis,
1374 3271 1456 3336 pree-

404 3359 500 3426 dictis
537 3357 653 3424 abbati
689 3361 725 3422 et
761 3353 949 3430 conventui,
987 3359 1022 3418 et
1059 3371 1171 3417 eorum
1209 3352 1458 3431 successoribus,

403 3465 517 3526 contra
548 3479 660 3523 omnes
695 3455 850 3522 mortales
884 3455 1128 3540 imperpetuum
1157 3450 1455 3532 warantizabimus,

402 3559 663 3646 acquietabimus
687 3564 722 3623 et
744 3557 966 3622 defendemus.

446 3663 492 3727 Et
512 3668 553 3727 ut
574 3661 646 3728 heac
668 3681 741 3726 mea
763 3659 898 3725 donatio
921 3664 956 3723 et
977 3658 1140 3724 concessio
1155 3655 1251 3721 firma
1271 3655 1316 3721 sit
1338 3657 1457 3741 imper·

401 3771 549 3852 petuam,
564 3763 651 3830 hanc
674 3767 797 3830 cariam
820 3759 943 3827 eisdem
976 3759 1091 3826 abbati
1125 3763 1159 3824 et
1190 3759 1370 3824 conventui
1392 3758 1455 3824 feci

402 3875 437 3934 et
458 3867 598 3954 signavi.

828 4105 907 4170 One.
933 4103 1079 4170 comx.

260 4352 266 4366 .
403 4257 544 4326 Fistelia
567 4253 748 4325 concordia
766 4251 875 4320 levato
895 4245 1134 4420 ¹c‘lypkprcedsioto
1153 4255 1244 4317 mmo
1268 4245 1309 4316 de
1325 4243 1456 4317 rosas-

371 4377 383 4392 ·
963 4375 987 4420 a.

340 4501 361 4536 θ·
448 4499 532 4571 ,Hac
553 4503 605 4564 ost
627 4495 737 4562 finalis
759 4491 932 4562 eoncordia
953 4492 1041 4558 facta
1056 4489 1200 4556 incuria
1222 4489 1348 4554 domini
1370 4491 1457 4576 ragis

401 4602 490 4688 apud
513 4601 762 4685 Norwycum,a
784 4595 838 4660 die
861 4593 994 4660 Paschae
1017 4593 1052 4656 in
1074 4613 1179 4656 unum
1201 4613 1356 4670 mensam,
1370 4613 1457 4659 anno

402 4703 495 4791 regni
519 4702 605 4790 regis
629 4697 775 4776 Hemici,
797 4695 859 4761 filii
881 4695 967 4782 ragis
989 4693 1161 4771 lobannis,
1184 4693 1457 4780 quinquagesimo

402 4805 554 4884 secundo,
573 4823 685 4874 coram
718 4798 880 4869 Nieholao
902 4799 943 4864 de
966 4797 1072 4876 Tuni,
1096 4797 1240 4865 Hemico
1262 4798 1303 4864 de
1327 4797 1456 4866 Monta·
