3524 5808
664 828 842 878 areanum
866 830 887 876 1.
1238 817 1301 878 385

249 1017 417 1103 perpetuis
458 1019 661 1104 temporibus
711 1021 979 1098 continuandam,
1024 1024 1145 1084 terram
1189 1020 1230 1084 dc
1269 1019 1304 1084 la

250 1119 452 1186 Bbateloacb‘
474 1142 550 1187 curn
573 1123 726 1188 omnibus
758 1123 826 1186 suis
849 1110 1069 1208 pertinentiis,
1093 1144 1167 1208 quae
1190 1127 1241 1186 est
1263 1121 1304 1186 de

249 1223 432 1310 perquisito
455 1230 577 1304 nostro,
593 1226 636 1291 ad
651 1225 827 1312 coquinam
851 1231 1034 1292 conventus
1055 1225 1161 1290 nostri
1184 1225 1304 1309 imper-

251 1331 389 1412 petuum
412 1325 662 1414 assignavimus.

297 1428 334 1494 Si
372 1430 446 1514 quis
483 1435 594 1496 autem
632 1431 783 1509 fratrum,
821 1431 1055 1517 cujuscumque
1093 1433 1200 1494 status
1245 1429 1305 1492 aut

251 1531 425 1617 dignitatis
456 1533 565 1610 fuerit,
591 1533 678 1600 hanc
711 1539 858 1600 nostram
881 1533 1122 1599 ordinationem
1145 1531 1303 1617 impedire

251 1635 475 1719 temptaverit,
497 1657 556 1701 seu
578 1635 689 1722 aliquo
719 1638 816 1702 modo
839 1637 923 1703 olam
956 1635 1011 1700 vel
1041 1635 1151 1722 palam
1173 1637 1302 1699 contra·

250 1735 336 1811 ierit,
359 1758 425 1822 quo
456 1739 566 1804 minus
592 1739 725 1806 articuli
750 1741 918 1827 praedictae
941 1737 1158 1805 ordinationis
1180 1741 1301 1802 nostrae

252 1839 484 1920 observentur3
522 1843 868 1909 excommunicationis
905 1841 1079 1906 sententiae
1118 1840 1305 1924 subjaceat;

252 1947 287 2006 et
317 1947 392 2028 post
424 1943 523 2008 finem
558 1944 686 2010 dierum
716 1967 851 2010 suorum
881 1943 1008 2008 visione
1038 1942 1102 2008 Dei
1133 1947 1243 2008 careat
1272 1946 1306 2006 ct

252 2045 516 2112 maledictionem
539 2045 686 2135 Virginis
718 2047 875 2114 Gloriosae
900 2054 935 2115 et
957 2045 1190 2134 Apostolorum
1215 2044 1306 2110 Petri

254 2151 288 2212 et
310 2147 405 2213 Pauli
438 2155 472 2214 et
504 2151 651 2216 omnium
676 2149 871 2218 Sanctorum
895 2149 959 2216 Dei
991 2151 1147 2225 incurrat,
1171 2155 1205 2213 et
1231 2169 1306 2213 cum

253 2251 378 2338 angelis
410 2251 567 2320 Sathanee
598 2258 675 2341 post
708 2255 814 2342 ipsam
847 2264 988 2321 mortem
1022 2251 1236 2339 temporalem
1262 2253 1308 2316 sit

253 2352 342 2418 locus
388 2355 459 2440 ejus
505 2357 673 2442 perpetuis
702 2359 811 2444 poenis
856 2358 1058 2422 incessanter
1103 2355 1306 2433 cruciandus,

253 2456 318 2520 nisi
350 2457 449 2544 digne
479 2460 674 2544 poenituerit
701 2465 734 2524 et
757 2482 856 2546 super
878 2481 1014 2528 excessu
1036 2459 1125 2525 tanti
1143 2457 1308 2523 commissi

254 2558 456 2626 satisfecerit.
504 2562 601 2628 Hanc
632 2562 936 2648 condempnationis
974 2568 1008 2627 et
1046 2560 1308 2628 excommunica-

255 2662 355 2728 tionis
387 2666 586 2731 sententiam
619 2666 902 2753 promulgavimus
937 2665 973 2730 in
1007 2659 1152 2750 capitulo
1196 2667 1309 2729 nostro

256 2785 330 2830 cum
365 2766 458 2832 stolis
492 2773 527 2834 et
570 2768 714 2833 candelis
748 2769 784 2832 in
818 2768 971 2833 manibus
1009 2767 1151 2832 accensis
1186 2766 1224 2830 iii
1262 2765 1307 2830 kl.

255 2869 369 2956 April,
405 2891 492 2936 anno
523 2869 659 2935 Domini
692 2887 769 2936 noo.
817 2870 1028 2956 nonogesimo
1061 2869 1169 2948 tertia,
1204 2869 1309 2934 omni-

256 2970 317 3037 bus
362 2971 520 3038 fratribus
558 2973 697 3039 eandem
736 2973 997 3060 approbantibus
1035 2977 1070 3038 et
1107 2971 1311 3036 unanimiter

256 3075 530 3162 respondentibus
553 3083 569 3111 “
583 3076 668 3154 Fiat,
700 3075 787 3152 Fiat,
810 3076 933 3141 amen.’'
988 3075 1033 3140 Et
1067 3079 1107 3139 ut
1141 3074 1311 3160 praemisse

256 3176 356 3242 robur
379 3178 613 3265 perpetuitatis
636 3178 819 3255 obtineant,
842 3199 986 3264 praesens
1009 3177 1170 3263 scripturn
1201 3176 1310 3264 sigillo

255 3285 368 3347 nostro
391 3285 426 3347 et
448 3281 585 3368 capituli
607 3281 713 3348 nostri
736 3281 1009 3368 consignavimus.

309 3539 440 3608 Littera
462 3537 662 3628 pulsantia
684 3537 821 3606 domim
843 3537 931 3625 repis
953 3537 1150 3625 E[daoarcli]
1170 3561 1237 3627 pro

452 3642 607 3710 tlaeaaaro
628 3640 765 3710 invento
788 3643 884 3730 apud
915 3642 1094 3728 Westcpoat.

303 3793 487 3862 Edwardus
509 3795 574 3862 Dei
604 3795 714 3883 gratia
745 3817 806 3861 rex
839 3794 980 3881 Angliae,
1003 3794 1156 3861 dominus
1190 3794 1458 3880 Hiber-‘Quam

234 3896 322 3966 'niae
353 3906 389 3967 et
421 3901 493 3965 dux
526 3900 727 3985 Aquitaniae,
754 3898 907 3965 omnibus
939 3899 982 3965 ad
1020 3920 1102 3985 quos
1131 3904 1310 3986 praesentes
1323 3884 1424 3934 ΜΠ

1425 3900 1439 3934 e.

258 4003 378 4072 litterae
412 4003 632 4090 pervenerint,
656 4005 806 4071 salutem.
864 4003 948 4070 Cum
984 4003 1123 4070 dilectus
1146 4003 1241 4068 nobis
1274 4003 1310 4066 in
1322 3952 1435 4084 libii}

259 4104 391 4172 Chlisto
423 4107 525 4174 abbas
560 4107 600 4172 de
623 4106 847 4173 Malmesbiris
869 4106 969 4173 finem
991 4106 1108 4172 facerit
1138 4106 1308 4172 nobiscum
1321 4093 1434 4202 ppgpseure

258 4229 317 4295 per
339 4209 559 4296 quadraginta
592 4231 717 4276 mareas
751 4231 810 4297 pro
833 4210 988 4277 thesauro
1010 4209 1148 4274 invento
1170 4209 1207 4272 in
1232 4207 1459 4274 villarumne

257 4309 361 4395 ipsius
394 4311 526 4377 abbatis
557 4311 599 4376 dc
633 4311 867 4377 Malmesburia
898 4312 934 4376 in
956 4313 1052 4378 domo
1088 4309 1246 4375 Willelmi
1280 4293 1399 4374 le1²⁹¹·

258 4411 410 4492 Bracour,
442 4419 477 4478 et
512 4413 663 4479 similiter
699 4435 759 4501 pro
778 4415 1047 4501 ¹transgressione
1080 4435 1179 4500 quam
1217 4413 1312 4478 nobis

257 4513 379 4580 fecerat
401 4515 623 4602 permittendo
646 4517 804 4603 quosdam
825 4518 867 4582 de
889 4518 972 4583 villa
993 4517 1152 4604 praedicta
1174 4517 1313 4582 evadere

257 4637 332 4683 cum
370 4617 525 4685 thesauro
571 4619 728 4704 praedicto
764 4641 786 4684 a
823 4620 904 4685 villa
941 4620 1118 4706 praedicta:
1165 4619 1314 4686 volentes

257 4720 347 4806 quod
377 4721 465 4788 idem
501 4721 602 4788 abbas
627 4743 686 4808 per
708 4721 807 4786 finem
829 4722 1026 4808 praedictum
1050 4723 1094 4786 sit
1117 4723 1250 4808 quietus
1273 4724 1313 4789 de

349 4835 375 4886 N
386 4839 427 4886 ⁸⁰·
1123 4855 1144 4903 a
1160 4857 1181 4904 n
