3524 5808
393 912 460 975 41⁸
801 923 980 974 srrnrorx
1005 926 1042 978 11.

392 1107 566 1198 pecuniam
596 1107 692 1173 nobis
722 1108 765 1172 od
796 1109 993 1176 scaccarium
1027 1114 1179 1175 nostrum
1207 1109 1340 1176 'solvere
1372 1129 1449 1177 con·

392 1211 557 1289 saevistis,
589 1209 736 1277 solvatis.
792 1209 838 1276 Et
874 1232 934 1278 nos
972 1211 1067 1278 vobis
1105 1211 1183 1278 inde
1221 1213 1257 1277 in
1295 1217 1449 1299 compoto

392 1319 503 1382 vestro
539 1313 583 1380 ed
621 1313 749 1379 dietum
787 1314 988 1382 scaccarium
1026 1315 1175 1380 debitum
1215 1315 1446 1382 allocationem

390 1420 511 1488 habere
543 1411 709 1484 faciemus
756 1416 854 1485 Teste
876 1421 1024 1508 meipso
1058 1422 1147 1507 apud
1182 1419 1363 1509 Olipstone‚
1389 1443 1446 1485 xx.

392 1524 447 1591 die
469 1521 671 1600 Decembris,
694 1541 784 1590 anno
806 1524 900 1612 regni
922 1523 1028 1591 nostri
1051 1523 1186 1600 decimo.

223 1765 284 1816 519
297 1763 322 1817 t.
462 1723 564 1793 Istud
586 1725 677 1794 meve
698 1731 745 1793 est
765 1723 860 1793 mter
881 1725 1082 1794 emenonis
1105 1726 1145 1793 de
1166 1744 1263 1794 amco
1284 1723 1378 1793 rim}

222 1895 327 1948 writto
439 1879 512 1945 Rex
534 1879 738 1946 thesaurario
761 1885 795 1946 et
817 1880 995 1948 baronibus
1017 1880 1086 1946 suis
1108 1881 1149 1946 de
1167 1879 1336 1958 scaccario
1359 1879 1445 1945 salu-

220 1961 471 2148 000808
515 1981 686 2150 8003083080
700 1981 858 2149 um
881 1981 1295 2149 033808033883330
1310 1985 1446 2168 trs:

220 2111 365 2293 ffiffilffi
391 2103 562 2271 retlspcluae
584 2183 650 2250 fuit
674 2205 759 2250 uxor
780 2103 936 2250 Petnpade
958 2134 1156 2263 Gaiastone,
1187 2205 1294 2270 nuper
1316 2185 1446 2252 comitis

219 2291 375 2374 dinggrnnt.
391 2284 577 2364 Oomubiae‚
606 2286 701 2372 nepti
731 2289 853 2352 nostrae
886 2285 1071 2367 rarissimae,
1093 2285 1168 2352 illas
1189 2285 1313 2372 viginti
1344 2285 1446 2352 libras

220 2361 342 2478 3310300000
391 2409 472 2474 ques
505 2387 645 2456 dilectus
676 2386 773 2454 nobis
804 2387 841 2452 in
864 2385 998 2453 Christo
1021 2387 1123 2454 abbas
1145 2387 1187 2454 (le
1210 2387 1445 2455 Malmesburia

388 2489 483 2556 nobis
520 2489 565 2556 ad
601 2487 800 2558 scaccarium
845 2494 996 2556 nostrum
1040 2510 1101 2576 pro
1138 2489 1234 2556 firma
1271 2489 1361 2556 villae
1402 2490 1444 2554 de

389 2589 623 2658 Malmesbruia
656 2590 792 2658 reddere
830 2590 1013 2669 consuevit,
1046 2589 1273 2678 percipiendas
1304 2591 1444 2678 singulis

385 2694 482 2758 annis
518 2693 562 2761 ad
595 2695 703 2760 totam
724 2692 831 2758 vitam
869 2693 974 2780 ipsius
1008 2691 1203 2780 Margaretae
1236 2714 1295 2780 per
1326 2714 1443 2760 manus

385 2793 535 2880 praedicti
573 2793 704 2861 abbatis
741 2793 799 2879 qui
837 2813 898 2880 pro
935 2797 1083 2880 tempore
1119 2794 1229 2873 fuerit,
1269 2798 1369 2881 prout
1407 2796 1444 2858 in

383 2896 491 2962 literis
538 2897 660 2964 nostris
707 2896 876 2983 praedietis
920 2895 1051 2982 plenius
1095 2895 1305 2978 continetur;
1348 2896 1444 2962 vobis

385 2998 581 3066 mandamus
615 2997 704 3084 quod
737 2997 847 3084 ipsum
884 2996 1039 3063 abbatem
1066 2997 1108 3064 de
1129 2997 1297 3084 praedictis
1320 2998 1443 3085 viginti

384 3098 478 3164 libris
514 3099 716 3185 aprsedieto
737 3099 792 3165 die
814 3118 924 3165 eoram
946 3098 1042 3164 vobis
1063 3098 1107 3163 sd
1130 3097 1335 3168 Scocoarium
1357 3121 1443 3186 prae·

385 3201 511 3266 dictum
545 3200 718 3267 exonerari
750 3204 784 3266 et
816 3201 968 3286 quietum
991 3220 1062 3266 esse
1083 3199 1223 3267 famatis.
1269 3199 1366 3266 Teste
1389 3223 1442 3266 me

383 3302 457 3387 ipso
490 3301 581 3388 opud
614 3299 819 3388 Wyndesor',
843 3300 956 3367 xxvito
981 3301 1036 3368 dic
1059 3299 1194 3388 Aprilis,
1226 3323 1315 3370 anno
1348 3305 1441 3390 regni

384 3402 489 3469 nostri
511 3402 647 3471 decimo.

212 3595 284 3647 sss.
430 3587 473 3653 In
495 3609 615 3676 magno
638 3588 747 3656 rotulo
778 3587 820 3654 de
849 3607 938 3655 anno
959 3589 1040 3654 xvii,
1055 3589 1141 3676 regis
1160 3589 1317 3655 Edwondi
1333 3589 1440 3664 tertii,

213 3689 321 3740 uxum
385 3690 421 3755 in
455 3689 536 3757 item
564 3688 682 3769 Wiltes,
718 3695 900 3757 annotatur
933 3690 1159 3757 siet-Frater
1191 3691 1361 3758 Johannes
1398 3692 1440 3757 de

213 3753 563 3885 {lssffiiof'lpnteme
595 3791 697 3859 abbas
731 3792 773 3858 de
806 3791 1043 3878 Malmesbury‚
1075 3793 1174 3858 debet
1208 3793 1238 3860 (l
1273 3793 1320 3872 lt,
1357 3815 1439 3880 quas

214 3887 491 3980 1⁷EdW·,111·primo
525 3894 579 3959 dis
613 3892 765 3961 Octobris
798 3891 861 3959 hoc
893 3913 983 3959 anno
1022 3893 1215 3980 recognovit
1246 3915 1308 3981 pro
1336 3917 1371 3960 se
1403 3899 1439 3961 et

210 3967 261 4070 33030
262 3969 377 4073 3108ῗῷοἇ
384 4000 549 4062 conventu
572 4016 632 4061 suo
654 4018 689 4062 se
704 3994 822 4062 debere
837 3989 915 4083 regi,
931 3995 1105 4062 solvendas
1126 3997 1163 4061 in
1177 3995 1262 4063 festo
1279 3996 1437 4063 Omnium

210 4085 349 4202 {kissgb‘y
384 4096 580 4163 Sanctorum
610 4101 692 4163 tunc
725 4097 878 4183 proximo
903 4097 1017 4162 futuro
1054 4097 1111 4164 ecl.
1134 4096 1181 4176 lt,
1213 4103 1248 4164 et
1279 4098 1316 4163 in
1352 4099 1437 4166 festo

210 4233 302 4271 noun.
381 4199 624 4267 Purificationis
648 4199 762 4267 Beatos
785 4199 900 4266 Mariae
922 4199 1070 4286 Virginis
1102 4199 1254 4286 proximo
1285 4201 1437 4287 sequenti

378 4301 401 4368 1.
423 4299 470 4380 li,
491 4305 526 4366 et
548 4300 585 4365 in
615 4300 700 4367 festo
722 4299 857 4368 Paschae
878 4305 961 4367 tunc
982 4299 1133 4387 proximo
1156 4302 1308 4388 sequenti
1330 4321 1374 4369 cc
1397 4301 1435 4369 lc'.

379 4402 446 4469 Sed
478 4423 547 4469 non
580 4402 679 4469 debet
715 4402 794 4469 inde
816 4401 1011 4469 summoniri
1032 4423 1092 4490 per
1113 4404 1214 4470 breve
1243 4403 1330 4491 regis
1352 4405 1435 4471 irro-

377 4504 524 4571 tulatum
557 4503 594 4568 in
632 4503 853 4570 Memorandis
891 4505 932 4570 de
969 4524 1059 4571 anno
1089 4503 1161 4570 xix.
1198 4505 1285 4592 regis
1323 4505 1434 4592 hujus,

376 4607 520 4674 termino
543 4605 723 4673 Michaelis.
768 4605 811 4671 In
833 4627 899 4692 quo
930 4607 1120 4673 continetur
1151 4608 1240 4694 quod
1273 4607 1433 4695 praefatus

378 4709 480 4774 abbas
511 4708 613 4775 solvit
635 4707 781 4776 Johanni
813 4708 854 4774 de
886 4707 990 4788 Flete,
1012 4709 1144 4776 custodi
1161 4709 1321 4796 jocalium
1344 4711 1432 4799 regis

378 4823 1431 4930 W
