3526 5810
533 884 732 937 ancrsrauu
756 885 1080 937 usaunsauarassn.
1270 867 1333 932 315

620 1083 700 1149 Cir.
725 1082 1022 1152 CCCCXXXIIII.

327 1199 432 1266 Curta
455 1197 586 1264 obbatis
603 1205 637 1288 ei
660 1206 841 1266 corruentes
857 1199 954 1285 suctu
983 1198 1024 1263 W.
1049 1199 1077 1262 lc
1101 1196 1221 1262 Porter
1242 1195 1283 1260 de

593 1300 692 1367 dorico
715 1301 847 1366 Ecarnre
870 1299 1000 1384 Florpc.

326 1427 490 1494 Omnibus
513 1427 639 1496 Christi
674 1428 828 1493 fidelibus
851 1448 995 1512 praesens
1028 1426 1189 1512 scriptum
1212 1424 1336 1488 visuris
1350 1424 1485 1501 stantior

281 1530 335 1595 va
357 1530 531 1608 austeris,
548 1530 735 1596 wurumus
751 1530 815 1594 uu
830 1529 941 1616 gracia
963 1529 1067 1594 assas
1084 1527 1336 1601 malmesburiae,
1348 1492 1434 1608 {1222}
1439 1508 1483 1622 ἕρ,

282 1637 317 1695 et
339 1632 485 1718 ejusdem
518 1632 581 1698 loci
616 1637 808 1707 conventus,
843 1630 985 1696 salutem
1017 1636 1176 1696 aeternam
1210 1629 1247 1693 in
1268 1629 1336 1694 Do·
1350 1623 1484 1688 positast.

1418 1692 1425 1714 ‚

284 1734 382 1799 mino.
445 1734 588 1800 Noverit
633 1732 835 1798 universitas
872 1732 1006 1798 vestra¹
1037 1753 1097 1797 nos
1143 1731 1337 1797 concessisse
1350 1691 1457 1807 didici:

284 1833 452 1900 Willelmo
484 1836 514 1900 le
538 1835 661 1912 Porten
685 1833 839 1900 omnibus
873 1833 991 1898 diebus
1021 1833 1102 1900 vitea
1125 1855 1202 1910 suae,
1226 1836 1336 1898 totum

282 1937 367 2001 illud
401 1945 627 2003 tenementum
650 1936 739 2023 quod
770 1936 837 2001 fuit
867 1936 1047 2020 aliquando
1070 1935 1196 2002 Emmoe
1220 1935 1337 2010 Floria,

283 2061 325 2104 ex
349 2041 499 2126 opposito
520 2038 665 2106 ecclesiae
689 2038 786 2104 Beati
809 2037 905 2104 Pauli
928 2039 969 2103 de
993 2037 1238 2114 Malmesburia,
1260 2059 1336 2104 cum

284 2143 463 2208 medietate
502 2143 592 2208 iliius
625 2141 807 2228 crutillagii
844 2141 1025 2225 adjacentis
1064 2141 1115 2205 illi
1138 2146 1338 2216 tenemento

285 2245 373 2332 quod
411 2246 477 2310 fuit
510 2246 677 2331 quondam
715 2244 865 2331 praedicti
901 2242 1069 2320 Willelmi,
1108 2265 1150 2308 ex
1188 2243 1339 2329 opposito

286 2348 420 2434 capellae
459 2348 617 2413 Omnium
656 2347 853 2412 Sanctorum
865 2370 872 2425 ;
895 2367 969 2431 quae
1008 2345 1142 2431 quidem
1180 2346 1340 2410 medietas

282 2451 372 2537 jacet
383 2452 484 2536 juxta
499 2447 722 2536 curtillagium
738 2448 882 2514 Julianae
898 2447 931 2513 la
946 2447 1120 2534 Olergesse.
1159 2448 1340 2514 Reddendo

287 2553 364 2617 inde
387 2553 561 2617 annuatim
594 2551 794 2636 coquinario,
819 2550 877 2635 qui
899 2571 960 2636 pro
991 2556 1138 2635 tempore
1170 2551 1280 2626 fuerit,
1304 2551 1339 2614 in

287 2655 371 2720 festo
395 2655 509 2719 Sancti
532 2653 714 2740 Augustini
737 2652 910 2718 duodecim
934 2652 1085 2717 denarios
1109 2651 1149 2716 de
1173 2651 1340 2739 burgagio,

288 2761 322 2820 et
345 2759 549 2842 procuratori
572 2755 703 2820 servicii
727 2755 839 2820 Beatae
864 2754 978 2819 Mariae
1002 2754 1038 2817 in
1068 2754 1203 2820 ecclesia
1226 2754 1341 2819 Sancti

289 2857 394 2934 Pauli,
410 2880 515 2922 unum
538 2857 721 2933 denarium,
744 2878 804 2942 pro
827 2856 918 2929 omni
941 2856 1089 2932 servicio,
1105 2855 1206 2921 salvis
1229 2856 1342 2922 liberis

290 2961 388 3046 burgi
410 2960 711 3026 consuetudinibus.
752 2959 796 3023 Et
811 2980 886 3025 curn
901 2958 1097 3043 praedictum
1114 2965 1341 3025 tenementum

290 3084 349 3148 per
381 3084 440 3128 nos
474 3063 576 3128 fuerit
612 3067 802 3148 reparatum
837 3066 872 3126 et
910 3051 1131 3140 emendatum,
1163 3063 1342 3147 praedictus

292 3163 478 3230 Willelmus
515 3164 713 3251 praedictum
746 3169 973 3229 tenementum
1006 3165 1042 3227 in
1076 3164 1133 3228 illo
1166 3171 1256 3230 statu
1289 3165 1342 3230 vel

292 3266 419 3333 meliori
453 3268 523 3332 suis
545 3267 735 3351 sumptibus
766 3266 954 3330 sustinebit.
1003 3266 1047 3330 Et
1069 3273 1145 3350 post
1175 3268 1342 3332 decessum

280 3370 443 3456 ’praedicti
460 3368 618 3434 Willelmi
641 3363 837 3452 praedictum
860 3371 1086 3432 tenementum
1101 3390 1174 3432 cum
1192 3369 1344 3433 omnibus

293 3473 362 3536 suis
385 3472 595 3558 pertinentiis
617 3471 661 3535 ad
691 3492 751 3534 nos
774 3476 809 3534 et
842 3491 1042 3535 successores
1075 3474 1204 3534 nostros
1234 3494 1344 3536 rever·

294 3579 390 3639 tetur.
448 3574 511 3640 Pro
544 3573 606 3638 hac
639 3579 751 3637 autem
783 3574 988 3638 concessione
1022 3578 1136 3637 nostra
1168 3573 1345 3658 praedictus

295 3676 480 3742 Wiltelmus
519 3676 648 3741 remisit
690 3680 725 3739 et
759 3675 910 3759 quietum
945 3674 1112 3753 clamavit,
1142 3698 1201 3761 pro
1239 3699 1273 3741 se
1311 3685 1345 3742 et

295 3778 471 3844 heredibus
504 3780 582 3854 suis,
605 3777 700 3842 nobis
724 3783 758 3841 et
781 3777 924 3842 ecclesiae
939 3782 1070 3854 nostrae,
1094 3783 1203 3841 totum
1230 3780 1346 3864 juset

296 3878 450 3946 clamium
485 3879 573 3964 quod
606 3878 726 3944 habuit
747 3877 801 3942 vel
832 3877 943 3962 aliquo
966 3878 1062 3944 modo
1093 3877 1213 3944 habere
1236 3882 1348 3966 potuit

297 3983 332 4045 in
355 3989 426 4047 toto
449 3982 506 4046 illo
529 3986 729 4055 tenemento,
744 4001 819 4045 cum
835 3979 1023 4065 cartillagio
1039 3986 1074 4044 et
1096 3981 1249 4047 omnibus
1271 3983 1346 4049 aliis

299 4084 507 4169 pertinentiis
538 4083 615 4160 suis,
639 4082 727 4167 quod
757 4080 877 4146 habuit
910 4082 946 4144 in
977 4103 1097 4167 magna
1128 4089 1234 4149 strata
1257 4087 1347 4152 villae

300 4187 550 4262 Malmesburiae,
600 4187 701 4250 situm
739 4207 781 4249 ex
819 4185 970 4270 opposito
1016 4185 1150 4270 capellae
1189 4188 1347 4254 Omnium

300 4289 504 4356 Sanctorum.
551 4288 621 4352 Nos
645 4309 722 4353 vero
746 4293 781 4351 et
803 4308 1001 4353 successores
1024 4291 1129 4354 nostri
1151 4291 1348 4375 praedictum

299 4398 524 4458 tenementum
563 4391 729 4476 quondam
767 4389 892 4456 Emmae
927 4389 1044 4470 Florio,
1084 4412 1158 4456 cum
1197 4394 1349 4459 omnibus

300 4495 509 4582 pertinentiis
547 4495 624 4570 suis,
655 4492 813 4578 praedicto
846 4491 1011 4558 Willelmo
1034 4494 1192 4579 quamdiu
1225 4495 1472 4563 vixeritcasab.

301 4605 415 4663 contra
447 4618 560 4662 omnes
593 4593 747 4660 mortales
770 4594 1062 4660 warantizabimus
1074 4620 1082 4675 ;
1105 4596 1193 4681 quod
1226 4597 1255 4660 si
1280 4619 1346 4663 wa-

300 4699 463 4766 rantirare
486 4719 553 4764 non
577 4695 767 4784 poterimus,
790 4696 945 4762 volumus
968 4697 1057 4782 quod
1080 4701 1205 4764 extunc
1228 4697 1351 4766 habeat

304 4813 440 4822 -ss
452 4811 514 4820 ---ι
576 4812 653 4819 ..μ-
826 4811 868 4817 --.
1025 4813 1065 4819 .-

1194 4815 1355 4830 -ῄς
