3578 5808
540 921 738 972 nnmsrnuu
762 919 1086 968 minussoumnrsn.
1298 901 1339 967 95

287 1117 377 1180 carte
399 1134 473 1179 mea
495 1112 697 1188 confirmavi,
720 1110 791 1175 Deo
817 1115 851 1174 et
874 1108 1018 1175 ecclesiae
1053 1107 1148 1173 Beati
1174 1105 1341 1172 Aldhelmi

288 1218 329 1282 de
352 1215 596 1292 Malmesburia‚
611 1219 646 1280 et
669 1212 837 1278 Willalmo
859 1211 983 1288 abbati,
1007 1214 1041 1275 et
1073 1209 1243 1276 monachis
1279 1209 1341 1274 ibi-

288 1321 362 1386 dem
385 1319 457 1385 Deo
472 1317 701 1393 servientibus,
720 1317 756 1380 in
779 1314 925 1393 liberam,
948 1335 1065 1400 puram
1089 1318 1124 1378 et
1145 1317 1341 1400 perpetuam

288 1422 500 1487 elemosinam
534 1421 600 1484 duo
623 1418 822 1495 molendina,
848 1418 910 1481 sub
933 1438 1000 1481 uno
1024 1416 1167 1488 culmine
1195 1416 1340 1481 existen-

290 1524 346 1601 tia,
362 1545 436 1609 quae
452 1529 615 1588 vocantur
638 1520 828 1585 molendina
850 1519 890 1583 de
908 1519 1032 1596 Arene,
1057 1540 1132 1583 cunr
1156 1517 1213 1582 illa
1236 1517 1341 1584 crofta

290 1647 364 1711 quae
386 1631 525 1692 vocatur
547 1624 583 1689 lo
615 1620 818 1706 Mulcrrofte‚
841 1627 974 1708 etcum
999 1621 1055 1685 illo
1087 1621 1228 1707 pratello
1251 1621 1340 1706 quod

289 1733 426 1794 vocatur
448 1727 477 1792 le
492 1723 827 1808 mantem-eteniam,
850 1731 885 1789 et
909 1745 982 1790 cum
1007 1724 1064 1788 illo
1087 1723 1228 1808 pratello
1253 1725 1342 1808 quod

290 1837 427 1896 vocatur
442 1829 477 1894 lo
498 1827 681 1905 Matutam,
704 1849 779 1893 cum
802 1827 944 1912 piscaria
968 1826 1080 1904 libera,
1104 1833 1236 1892 etcum
1259 1827 1343 1891 bodo

290 1933 562 2008 molendinorum,
593 1936 724 1996 etcum
759 1930 912 1994 omnibus
935 1929 1009 1994 aliis
1044 1930 1151 2005 rebus,
1182 1928 1344 1994 libertati-

291 2037 354 2100 bus
379 2040 413 2100 et
435 2034 548 2100 liberis
571 2032 875 2110 consuetudinibus,
909 2033 953 2096 ad
975 2032 1133 2117 praedicta
1156 2030 1345 2097 molendina

291 2137 402 2222 aliquo
439 2136 537 2201 modo
575 2134 830 2220 pertinentibus
877 2127 965 2198 Dedi
999 2134 1100 2199 etiam
1135 2137 1177 2197 et¹
1202 2135 1344 2200 concessi

292 2239 416 2304 eisdem
452 2237 566 2302 abbati
604 2243 638 2301 et
660 2236 839 2301 conventui
873 2241 940 2300 tres
972 2236 1151 2322 partientes
1185 2239 1281 2326 terrae
1305 2237 1345 2300 de

292 2341 387 2408 feodo
409 2362 491 2418 mec,
515 2361 588 2426 quae
612 2339 745 2424 quidem
769 2345 857 2404 terra
879 2339 1032 2404 extendit
1046 2360 1079 2403 se
1102 2360 1201 2424 super
1223 2339 1345 2404 hedum

293 2443 526 2532 praedictorum
550 2441 822 2520 molendinorum,
840 2447 874 2506 et
897 2463 996 2526 quam
1020 2448 1141 2506 terrant
1157 2434 1345 2527 Stephanus

297 2547 430 2613 Godard
462 2547 503 2610 de
526 2545 641 2610 Avene
673 2544 852 2629 aliquando
886 2545 1005 2609 tenuit.
1054 2545 1108 2610 Ita
1141 2545 1228 2630 quod
1263 2568 1345 2631 prae-

295 2649 377 2714 dicti
400 2649 502 2714 abbas
525 2654 559 2712 et
582 2651 765 2712 conventus
788 2653 822 2711 et
845 2667 957 2712 eorum
980 2668 1176 2712 successores
1210 2648 1346 2734 praedie-

294 2755 346 2816 aa
369 2757 436 2815 tres
467 2751 611 2835 perticas
633 2756 731 2814 terrae
754 2751 780 2813 si
806 2749 976 2815 voluerint
1008 2749 1118 2816 fodere
1152 2752 1281 2837 possint
1313 2758 1347 2817 et

296 2858 417 2917 tetram
448 2857 617 2936 asportare
640 2856 675 2916 et
697 2851 818 2916 hedum
851 2851 1113 2917 molendinorum
1148 2854 1184 2916 in
1214 2858 1346 2918 tantum

296 2975 393 3040 super
426 2952 561 3018 feodum
584 2974 694 3016 meum
718 2952 865 3030 dilatare,
889 2959 1050 3038 quantum
1085 2960 1152 3019 tres
1179 2956 1347 3039 particatae

296 3063 391 3121 terrae
413 3077 434 3120 a
456 3053 539 3119 hedo
563 3053 721 3139 praedicto
755 3075 827 3119 meo
860 3076 957 3141 super
990 3060 1216 3121 tenementum
1239 3079 1348 3122 meum

296 3179 409 3224 versus
447 3163 596 3222 anstrum
635 3179 669 3222 se
701 3158 888 3223 extendunt
922 3162 956 3224 et
990 3159 1167 3224 extendere
1200 3167 1346 3246 possunt.

299 3259 450 3327 Concessi
480 3261 582 3326 etiam
605 3261 693 3345 quod
716 3281 814 3346 super
837 3261 1028 3345 praedictam
1052 3267 1183 3340 terram,
1199 3264 1254 3328 vel
1276 3264 1349 3328 ubi-

296 3383 435 3448 cumque
471 3383 530 3448 per
568 3361 760 3448 praedictam
795 3382 914 3447 aquam
947 3361 1124 3442 voluerint,
1160 3365 1350 3431 molendina

296 3465 424 3551 possint
451 3465 584 3551 erigere,
608 3469 642 3529 et
674 3485 805 3530 cursum
833 3481 927 3550 aquae
962 3465 1005 3530 ad
1043 3465 1232 3532 molendina
1266 3489 1350 3554 prae-

297 3569 386 3632 dicta
418 3587 477 3652 pro
511 3567 685 3632 voluntate
720 3588 832 3631 eorum
864 3589 963 3652 super
996 3569 1188 3654 praedictam
1227 3576 1349 3638 terram

296 3668 471 3746 attrahere,
494 3674 595 3754 prout
628 3669 670 3733 ad
695 3669 901 3734 commodum
925 3691 1036 3735 eorum
1061 3670 1179 3736 melius
1203 3673 1350 3739 viderint

296 3772 460 3858 expedire,
482 3772 553 3836 sine
586 3770 824 3856 impedimento
859 3777 919 3836 aut
950 3773 1208 3840 contradictione
1238 3775 1350 3865 aliqua

298 3875 365 3962 mei
387 3873 442 3938 vel
465 3872 622 3938 heredum
646 3895 800 3939 meorum.

345 3973 499 4040 Conocssi
533 3975 669 4060 insuper
700 3975 823 4040 eisdem
861 3974 976 4040 abbati
1015 3980 1050 4040 et
1090 3980 1278 4058 conventui,
1317 3987 1462 4046 etttoo.¹

296 4098 410 4143 eorum
449 4077 694 4155 successoribus,
727 4082 849 4143 sectam
880 4078 1032 4143 molturre
1070 4081 1216 4145 omnium
1247 4082 1351 4148 homi-

294 4200 377 4244 num
412 4199 569 4256 meorum,
600 4178 790 4243 molendum
825 4179 867 4244 ad
899 4180 1059 4265 praedicta
1092 4182 1280 4249 molendina
1310 4185 1350 4250 de

293 4283 412 4347 Avene
436 4282 679 4368 imperpetuum
694 4307 700 4346 :
722 4282 887 4347 Habenda
902 4289 937 4348 et
952 4284 1096 4350 tenenda
1110 4285 1270 4371 praedicta
1286 4288 1351 4354 duo

293 4382 494 4462 molendina,
526 4404 602 4449 cum
634 4383 739 4449 crofta
773 4383 1021 4470 praenominata,
1045 4389 1177 4452 etcum
1202 4389 1351 4474 pratellis

294 4486 554 4573 praenominatis,
570 4491 604 4552 et
627 4507 702 4552 cum
725 4485 829 4551 libera
851 4487 999 4572 piscaria,
1022 4494 1153 4554 etcum
1176 4491 1259 4558 bedo
1282 4515 1352 4563 mo·

545 4659 696 4666 --.-.-..--
704 4659 800 4666 ω..-
808 4660 914 4666 mm.
1245 4667 1264 4674 -
1318 4667 1351 4676 -.-

332 4759 340 4791 ¹
358 4759 412 4811 The
428 4759 544 4809 foiintion
561 4758 583 4808 is
600 4759 713 4808 modern.
747 4758 800 4808 The
853 4758 903 4808 this
923 4759 975 4808 leci
987 4765 1044 4821 2⁰0,
1056 4762 1107 4810 and
1120 4763 1163 4812 the
1175 4762 1282 4816 mietoke
1294 4781 1354 4818 oon·

296 4838 404 4890 sotiatur
425 4837 472 4888 has
495 4836 647 4902 incorrectly
664 4837 800 4887 numbercd
854 4836 936 4887 tinues
948 4838 1112 4906 throughout.
