3524 5808
518 891 716 943 sncrsruuu
739 890 1063 944 recursuumnusn
1245 883 1311 948 349

259 1103 318 1171 per
351 1087 530 1170 praesentes
569 1083 657 1170 quod
693 1103 754 1148 nos
791 1083 832 1148 de
870 1104 1030 1150 consensu
1068 1088 1103 1150 et
1140 1083 1313 1152 voluntate

260 1192 442 1253 conventus
473 1186 580 1252 nostri
615 1184 783 1272 predictis
814 1186 930 1252 ebbeti
953 1191 987 1252 et
1019 1188 1199 1254 conventui
1229 1188 1311 1254 libe·

259 1311 333 1354 rum
371 1310 430 1377 pro
467 1290 563 1356 nobis
601 1293 636 1354 et
669 1287 908 1356 successoribus
941 1289 1063 1355 nostris
1096 1291 1313 1358 concessimus

259 1391 450 1478 ingressum.
513 1391 715 1460 Hebendum
761 1397 796 1458 et
839 1391 1021 1458 tenendum
1066 1392 1107 1457 de
1143 1394 1240 1460 nobis
1278 1399 1313 1460 et

259 1495 497 1562 successoribus
528 1494 650 1562 nostris
680 1495 856 1581 praedictce
886 1495 968 1560 dues
991 1495 1112 1561 eroites
1146 1498 1313 1582 praedictis

258 1597 372 1664 cbbeti
394 1604 429 1664 et
451 1597 630 1665 conventui
653 1597 904 1685 imperpetuum.
951 1597 1131 1664 Reddendo
1154 1599 1231 1666 inde
1254 1622 1313 1668 en-

258 1701 387 1766 nuetim
419 1699 514 1768 nobis
538 1706 573 1768 et
596 1701 836 1768 successoribus
867 1701 989 1767 nostris
1012 1721 1116 1767 unum
1140 1703 1312 1770 denarium

258 1803 301 1868 sd
332 1804 453 1870 festum
485 1803 600 1871 Sancti
632 1803 803 1870 Michaelis
842 1825 902 1890 pro
936 1803 1027 1870 omni
1049 1805 1193 1884 servitio,
1217 1809 1313 1874 sectis

258 1906 357 1972 curies
390 1911 424 1973 et
458 1906 631 1984 hundredi,
655 1912 690 1973 et
712 1906 860 1973 omnium
882 1908 1078 1975 secularium
1102 1911 1312 1994 exactionum

258 2009 381 2095 pariter
407 2014 442 2075 et
464 2009 708 2076 demendemm.
749 2009 793 2076 Et
818 2011 968 2096 prcedicti
990 2013 1093 2078 ebbae
1116 2018 1151 2079 et
1172 2035 1313 2082 conven-

258 2116 313 2175 tus
346 2112 387 2178 de
419 2111 653 2178 ldelmesburis
685 2111 859 2197 proedictee
894 2113 976 2180 dues
1014 2115 1134 2180 croftas
1166 2116 1256 2202 heys
1278 2123 1313 2184 et

257 2212 386 2290 fuscate,
424 2218 524 2299 prout
561 2212 624 2278 sibi
656 2213 775 2280 melius
812 2213 959 2280 viderint
996 2217 1159 2302 expedire,
1190 2218 1312 2286 facient

256 2316 432 2382 includere.
495 2316 540 2381 Et
570 2316 598 2381 si
631 2337 690 2402 pro
714 2315 844 2383 defectu
875 2316 1052 2384 eleusturae
1084 2321 1197 2386 everis
1229 2345 1312 2408 prm-

256 2419 418 2484 dictorum
456 2418 587 2484 abbatis
624 2423 659 2483 et
697 2423 878 2484 conventus
911 2419 1091 2486 Glcstoniee
1125 2422 1180 2486 vel
1211 2424 1311 2489 etiem

256 2520 428 2586 hominum
463 2542 597 2587 suorum
630 2520 670 2585 de
710 2519 872 2606 Kyntone
906 2522 943 2586 in
981 2523 1156 2608 praedicies
1189 2526 1311 2592 croftas

256 2622 460 2688 intraverint
484 2629 519 2688 et
541 2623 582 2688 de
605 2623 729 2687 eisdem
752 2622 917 2709 inperesti
951 2623 1084 2703 fuerint,
1107 2646 1175 2690 non
1198 2627 1313 2693 licebit

257 2727 424 2812 praedietis
439 2727 553 2792 ebbeti
578 2731 612 2792 et
634 2727 812 2794 conventui
836 2728 877 2792 de
901 2727 1136 2794 Melmesburie
1158 2732 1313 2798 emendes

256 2829 333 2894 inde
357 2830 397 2894 de
428 2829 524 2896 nobis
556 2849 616 2895 nec
648 2830 689 2895 de
721 2829 911 2895 hominibus
945 2829 1066 2896 nostrie
1101 2853 1222 2918 capere.
1271 2834 1312 2898 In

257 2932 352 3018 cujus
374 2932 423 2996 rei
457 2933 686 2998 testimonium
718 2932 887 3019 prcedictis
918 2933 1033 2998 abbati
1067 2938 1103 2999 et
1132 2938 1311 3001 conventui

255 3033 316 3099 hes
349 3033 479 3099 littores
511 3039 641 3100 nostres
675 3034 746 3099 fieri
781 3034 918 3101 fecimus
956 3041 1116 3121 patentes.
1183 3037 1310 3104 Datum

256 3137 345 3222 opud
362 3135 588 3213 Ydemietone‚
612 3136 719 3222 pridie
743 3136 818 3201 idus
843 3136 1056 3224 Septembris,
1072 3160 1159 3204 anno
1175 3139 1310 3206 Domini

256 3256 343 3305 mcc,
367 3239 578 3326 nonogesimo
601 3239 716 3325 primo,

630 3501 708 3568 ΟΑΡ.
735 3501 936 3571 CCCOLIX.

257 3695 361 3762 (lario
388 3693 538 3761 Rioctrde‘
561 3693 600 3760 dc
624 3693 790 3760 Poeiemeo
814 3693 853 3759 de
877 3701 1058 3761 tenemento
1082 3717 1143 3764 eoo
1166 3704 1195 3763 et
1218 3705 1309 3766 temus

658 3796 700 3862 iu
725 3795 934 3862 Tliormbulle.

301 3983 417 4052 Sciant
439 3987 616 4070 proesentos
639 3988 674 4048 et
696 3983 801 4048 futuri
825 3984 912 4068 quod
936 4006 996 4071 ego
1020 3985 1180 4054 Ricardus
1203 3991 1243 4056 de
1275 3992 1308 4058 le
1322 3993 1469 4045 Graneofa

256 4086 421 4165 Postremo,
436 4085 526 4150 filius
548 4083 712 4151 Johennis
735 4085 775 4150 de
798 4085 831 4150 le
853 4085 1021 4168 Posterne,
1043 4090 1128 4168 dedi,
1153 4096 1305 4174 concessi,
1319 4068 1482 4178 issffiifft

256 4196 291 4256 et
313 4190 375 4258 hcc
397 4189 552 4276 praesenti
568 4193 659 4256 certe
681 4209 755 4254 mec
769 4189 963 4255 confirmavi
980 4191 1114 4259 domino
1130 4193 1472 4276 Willelmo,i11f,r³¹¹k⁸1·

255 4293 370 4360 ebbeti
393 4291 644 4369 Melmesburiae,
667 4297 702 4357 et
724 4291 871 4377 ejusdem
895 4293 957 4360 loci
981 4298 1167 4375 conventui,
1198 4304 1307 4366 totum
1319 4271 1466 4395 {iiiiii}

255 4399 482 4462 tenementum
504 4415 614 4458 mcum
637 4398 672 4458 et
706 4399 829 4460 terrem
852 4417 959 4461 mecm
982 4397 1072 4483 opud
1095 4398 1309 4480 Thornhulle,

255 4521 331 4565 cum
365 4497 526 4574 domibus,
548 4495 705 4582 gordinis,
736 4495 941 4584 curtillegiis,
964 4500 1077 4585 pratis,
1110 4503 1240 4586 pascuis
1275 4511 1309 4569 et

253 4600 406 4688 pectinis,
429 4597 615 4664 redditibus
638 4602 672 4664 et
695 4599 847 4665 omnibus
870 4600 945 4666 eliis
967 4602 1074 4682 rebus,
1097 4602 1309 4671 libertatibus

254 4709 289 4770 et
319 4702 431 4768 liberis
462 4701 757 4768 consuetudinibus
791 4703 834 4772 ed
857 4704 1053 4790 praedictum
1083 4710 1310 4774 tenementum

252 4810 288 4872 et
321 4805 364 4872 cd
398 4803 592 4892 praedictsm
615 4809 739 4870 terrem
763 4825 969 4894 quocumque
992 4807 1090 4876 modo
1113 4809 1311 4895 pertinenti-
