3566 5820
540 911 738 964 unorsramu
762 914 1082 964 nrnrnssnunmrsn
1275 903 1337 966 131

282 1107 441 1196 praesenti
476 1113 567 1175 certa
599 1129 672 1172 mea
705 1109 905 1185 confirmari,
940 1109 1053 1173 abbati
1093 1115 1126 1170 ct
1159 1109 1338 1173 conventui

287 1209 538 1287 Malmesburiae,
560 1214 665 1274 totam
681 1215 804 1274 terram
828 1210 864 1274 in
888 1209 1184 1285 She1·estone,cum
1207 1211 1338 1286 wardis,

285 1310 425 1387 releviis,
457 1310 626 1387 eschaetis,
650 1315 685 1375 et
716 1310 869 1375 omnibus
902 1310 975 1375 aliis
1008 1310 1218 1395 pertinentiis
1251 1311 1319 1374 suis
1331 1335 1338 1389 ;

285 1409 375 1476 illam
408 1412 540 1489 scilicet,
565 1433 665 1497 quam
697 1413 778 1476 dicti
809 1412 911 1477 abbas
943 1417 978 1476 ct
1008 1415 1190 1476 conventus
1226 1412 1338 1498 aliquo

285 1519 431 1598 tempore
457 1518 638 1578 tenuerunt
659 1514 699 1577 de
723 1535 775 1578 me
791 1513 834 1578 ad
850 1513 979 1577 firmam
1003 1535 1061 1598 per
1076 1512 1318 1598 cyrographum
1331 1540 1337 1578 ε
1350 1521 1369 1571 s.
1381 1525 1440 1572 rm.
1492 1571 1494 1575 .

284 1614 470 1679 habendam
494 1619 528 1680 et
550 1615 727 1680 tenendam
755 1615 795 1678 de
819 1637 870 1677 mo
895 1621 929 1678 et
951 1613 1129 1678 heredibus
1157 1615 1247 1690 meis,
1273 1614 1336 1678 sibi

286 1721 320 1779 et
353 1715 593 1780 successoribus
627 1716 704 1792 suis,
738 1716 849 1793 iibere,
885 1716 1006 1801 quiete,
1045 1717 1137 1791 bene,
1179 1718 1212 1780 in
1249 1739 1336 1802 pace,

284 1819 411 1903 integre
450 1823 484 1882 et
515 1818 713 1883 hereditarie
752 1818 1018 1903 impe1·petuum;
1061 1818 1227 1882 reddendo
1261 1819 1336 1884 inde

285 1919 458 1984 annuatim
490 1919 582 1996 mihi,
607 1927 640 1984 et
663 1919 839 1984 heredibus
863 1919 968 1996 meis,l
992 1921 1055 2004 ipsi
1080 1927 1114 1984 et
1137 1941 1336 1986 successores

284 2022 344 2098 sui,
369 2021 541 2085 duodecim
574 2022 724 2086 denarios
759 2023 889 2106 argenti
922 2021 964 2085 ad
996 2020 1121 2085 Pascha
1145 2039 1214 2106 'pro
1246 2024 1336 2085 omni

284 2123 431 2199 servicio,
454 2122 593 2188 seculari
617 2123 797 2198 exactione,
814 2122 1076 2206 que1·clis,scctis
1099 2129 1133 2186 et
1156 2123 1335 2200 demendis,

285 2244 358 2307 quse
390 2221 501 2308 aliquo
532 2245 607 2289 casu
639 2225 736 2287 (lictee
769 2231 867 2288 terrra
900 2225 1027 2308 possint
1059 2225 1212 2301 accidere,
1245 2225 1336 2290 salvo

284 2324 419 2389 servicio
442 2327 544 2411 regali
568 2326 673 2390 eidem
698 2332 793 2390 ternu
817 2331 991 2410 spectante.
1055 2326 1117 2389 Pro
1140 2326 1201 2391 hac
1224 2333 1336 2391 autem

283 2427 469 2508 donatione,
509 2430 723 2503 concessione,
754 2435 788 2492 et
827 2433 926 2516 cartae
961 2450 1057 2492 mera.
1081 2427 1335 2506 confirmatione,
1418 2469 1420 2476 ι

283 2521 444 2593 dederunt
466 2529 548 2593 mihi
573 2527 707 2594 dietus2
728 2529 830 2594 abbas
854 2535 887 2592 et
911 2534 1092 2594 conventus
1116 2529 1336 2616 quadraginta

282 2630 381 2695 libras
414 2632 645 2716 sterlingorum
676 2653 743 2716 prae
766 2631 917 2696 manibus
951 2633 985 2694 in
1008 2645 1244 2716 'gersummam
1291 2631 1336 2696 Et

283 2753 342 2818 ego
365 2731 473 2798 dictus
505 2733 702 2818 Radulphus
729 2741 763 2797 et
789 2733 924 2797 heredes
955 2735 1020 2797 mei
1044 2732 1141 2799 dictis
1164 2733 1278 2799 abbati
1302 2739 1336 2799 et

282 2835 460 2900 conventui
491 2835 733 2900 Malmesburiae
757 2842 862 2900 totam
894 2835 1084 2921 prredictam
1117 2843 1237 2900 tenum
1261 2856 1335 2900 cum

282 2933 409 3014 wardis,
433 2936 571 3014 releviis,
596 2935 762 3015 eschaetis,
786 2943 821 3002 et
844 2937 995 3002 omnibus
1019 2937 1093 3000 aliis
1125 2937 1334 3022 pertinentiis

283 3039 359 3115 suis,
382 3045 496 3103 contra
518 3061 631 3103 omnes
653 3046 769 3124 gentes
792 3039 1067 3125 perpraedictum
1091 3039 1274 3116 servicium,
1294 3046 1333 3104 ut

284 3139 476 3226 praedictum
504 3145 561 3218 est,
586 3142 830 3227 imperpetuum
854 3135 1157 3215 warantizabimus,
1180 3141 1332 3206 defende-

283 3263 363 3319 mus,
387 3244 661 3329 acquietabimus.

328 3341 371 3408 Et
405 3351 444 3408 ut
477 3343 547 3410 haec
581 3367 654 3410 mea
686 3346 829 3421 donatio,
854 3345 1025 3421 concessio,
1050 3351 1084 3408 ot
1116 3349 1215 3410 cartae
1250 3328 1331 3410 mese

281 3445 492 3524 confirmatio,
516 3453 590 3511 rata
620 3453 655 3511 et
688 3447 816 3512 stabilis
853 3448 1096 3532 imperpetuum
1132 3454 1330 3532 permaneat,

281 3554 476 3633 prasentem
499 3554 623 3614 cartam
647 3547 747 3634 sigilli
772 3549 987 3634 impressione
1011 3548 1172 3614 roboravi.

694 3793 772 3859 Car.
796 3792 966 3860 CCLXV.¹

317 3943 419 4009 Corte
443 3943 577 4010 Roberta'
600 3945 640 4010 dc
663 3945 854 4030 Pr'ntcncpc
877 3945 916 4010 dc
940 3917 1060 4029 septem
1083 3944 1174 4009 acris
1198 3949 1301 4010 terror.

327 4082 442 4148 Sciant
472 4089 649 4172 praesentes
676 4091 711 4149 et
743 4085 847 4148 futuri
881 4083 968 4169 quod
1003 4105 1062 4170 ego
1095 4083 1258 4148 Robertus
1291 4085 1331 4148 de
1347 4095 1436 4146 ottho

281 4184 472 4270 Pinkcueye
496 4185 535 4250 de
559 4185 666 4251 Parva
690 4185 870 4262 Serestone,
892 4185 968 4250 dedi
992 4192 1026 4250 et
1049 4186 1191 4250 concessi
1214 4191 1248 4250 et
1271 4185 1332 4250 hac
1346 4177 1424 4213 ΜΕ·

282 4287 436 4370 praesenti
459 4294 550 4352 carta
575 4309 646 4352 mea
676 4287 875 4364 confirmavi,
899 4286 970 4351 Deo
993 4293 1027 4350 et
1061 4285 1202 4352 ecclesius
1235 4287 1330 4351 Beati

281 4385 447 4450 Aldhelmi
464 4388 504 4452 de
529 4388 769 4466 Maimesbun'a,
786 4394 820 4453 et
838 4388 951 4453 abbati
967 4393 1001 4453 et
1018 4387 1186 4457 monachis
1209 4387 1331 4454 ibidem

280 4486 350 4551 Deo
373 4489 602 4569 servientibus,
627 4490 663 4554 in
685 4489 830 4566 liberam,
855 4511 972 4576 puram
995 4497 1029 4554 ct
1052 4496 1245 4576 perpetuam
1268 4489 1331 4556 ele-

279 4590 449 4667 mosinam,
465 4597 591 4676 septem
614 4612 704 4658 acras
725 4599 824 4657 terrae
842 4613 917 4658 cum
941 4592 1151 4677 pertinentiis
1173 4594 1210 4656 in
1225 4591 1332 4658 Parra

314 4799 322 4834 ¹
340 4801 393 4860 suis
404 4804 431 4854 in
442 4799 499 4860 MS.
796 4801 800 4876 Ι
849 4801 956 4866 ²dictis,
968 4803 1024 4855 MS.

1138 4899 1151 4952 1
1176 4886 1196 4952 2
