3578 5808
411 871 476 934 110
666 885 864 935 anorsrnuu
887 885 1209 936 usnunsnumnusr.

409 1075 498 1140 diam
545 1095 661 1142 aeram.
709 1075 815 1141 Extra
863 1074 999 1141 eroftam
1031 1075 1115 1142 Adae
1153 1074 1323 1142 Nuteman
1359 1096 1465 1142 unum

408 1176 651 1266 serpendelium.
701 1177 807 1242 Extra
854 1177 991 1242 crottam
1029 1176 1193 1244 «Iohannis
1236 1177 1297 1243 filii
1337 1178 1462 1245 Odonis

408 1279 581 1346 dimidiam
611 1300 728 1346 aeram.
778 1279 883 1344 Extra
918 1279 1055 1345 eroftam
1089 1276 1248 1345 Willelmi
1279 1281 1320 1348 de
1353 1279 1466 1367 Cymi-

281 1471 284 1479 .
409 1384 500 1461 torio,
539 1383 710 1448 dimidiam
744 1403 861 1449 aeram.
909 1383 1001 1448 Inter
1023 1382 1122 1460 Dike,
1144 1383 1318 1450 dimidiam
1350 1403 1468 1462 aeram,

409 1491 444 1551 et
477 1486 630 1550 extendit
661 1507 695 1552 se
730 1485 774 1551 ad
811 1506 939 1552 erucem
976 1485 1065 1572 apud
1104 1484 1300 1556 Rowedone.
1358 1485 1467 1554 Juxta

410 1593 532 1653 terram
555 1586 714 1653 Willelmi
738 1587 897 1674 Rigstone
921 1609 1021 1652 unam
1051 1609 1159 1654 aeram
1193 1589 1228 1652 in
1252 1587 1467 1656 Presteeroste

409 1692 445 1755 in
486 1691 616 1757 cultura
659 1691 814 1757 inferiori.
861 1691 967 1756 Juxta
1005 1697 1128 1758 terram
1168 1690 1330 1777 Stephani
1368 1689 1466 1757 Rosel

409 1815 509 1858 unam
532 1815 640 1860 aeram
664 1796 701 1858 in
723 1793 758 1860 lo
784 1792 970 1861 Oldolortde.
1010 1793 1063 1859 La
1084 1793 1353 1881 Weatloogeaker,
1376 1795 1466 1881 apud

409 1897 608 1964 Rowedune.
653 1896 761 1963 Juxta
782 1903 903 1963 terram
935 1896 1073 1964 Henriei
1096 1896 1262 1983 Upehulle
1294 1897 1466 1963 dimidiam

408 2023 526 2067 aeram.
585 1999 626 2064 In
666 2023 782 2087 eampo
820 2001 943 2067 boreali
994 2001 1029 2066 lo
1078 2001 1330 2087 Weetlaayaker,
1364 2003 1466 2088 juxta

411 2109 528 2168 temam
553 2102 636 2169 Adae
659 2104 751 2169 Dreu
784 2103 874 2189 apud
899 2103 1110 2189 Emplewelle
1134 2109 1293 2191 exparte
1317 2104 1466 2171 occiden-

408 2206 477 2271 tali.
523 2205 631 2270 Juxta
663 2212 784 2271 terram
807 2205 965 2272 Willelmi
989 2206 1126 2272 Alward
1154 2228 1255 2272 unam
1287 2229 1394 2273 aeram
1430 2209 1466 2272 in

323 2349 328 2361 ·
408 2307 649 2394 Diehforlonge,
674 2331 715 2373 ex
739 2314 877 2394 utraque
901 2314 995 2394 parte
1019 2314 1115 2374 terrae
1139 2307 1298 2374 Willelmi
1321 2309 1465 2375 Seward.

409 2411 519 2476 Unam
554 2431 662 2476 aeram
700 2411 735 2474 in
780 2411 1000 2497 Elleforlange
1030 2412 1132 2497 juxta
1169 2417 1291 2477 terram
1329 2411 1466 2478 Henriei

409 2512 583 2598 Upehulle.
629 2511 811 2578 Dimidiam
835 2535 944 2580 aeram
967 2519 1063 2579 extra
1086 2512 1223 2579 crottam
1248 2513 1385 2578 Roberti
1409 2512 1467 2578 Se·

407 2615 508 2690 ward,
542 2615 643 2699 juxta
686 2620 808 2682 terram
853 2614 1016 2680 Johannis
1058 2613 1238 2701 Wymund.
1284 2613 1466 2680 Dimidium

407 2737 516 2784 aeram
560 2719 595 2781 in
642 2716 676 2781 lo
721 2717 943 2784 Srrmbotoade.
988 2717 1011 2782 J
1014 2723 1095 2783 uxta
1140 2723 1262 2783 terram
1308 2715 1466 2782 Willelmi

410 2820 545 2886 Alward
579 2820 752 2886 dimidiam
784 2841 900 2886 aeram.
948 2820 993 2884 Et
1023 2821 1113 2906 apud
1147 2819 1338 2908 Gratpome,
1365 2819 1465 2906 juxta

408 2929 530 2988 terram
555 2923 693 2988 Henriei
715 2921 882 3008 Upehulie
905 2943 1009 2988 unum
1033 2922 1288 3011 fertendellum:

452 3025 616 3092 Habenda
647 3033 681 3091 et
712 3026 856 3092 tenenda
893 3026 1088 3111 praedictum
1127 3025 1351 3112 curtiliagium
1389 3046 1464 3092 eum

406 3130 573 3216 mesuagio
605 3151 704 3215 super
737 3127 907 3204 aedificato,
940 3134 975 3193 et
1013 3149 1087 3195 oum
1125 3148 1219 3194 muro
1250 3127 1293 3194 ab
1327 3129 1464 3194 australi

405 3231 526 3316 angulo
560 3231 711 3316 praedioti
744 3230 903 3315 mesuagii
930 3230 1099 3314 usquead
1122 3229 1280 3315 angulum
1318 3231 1464 3318 grangiae

405 3353 487 3396 mese
518 3337 553 3396 et
583 3330 722 3398 amitam
748 3331 1031 3416 praenominatam,
1056 3351 1130 3396 eum
1153 3330 1263 3396 clauso
1285 3353 1306 3398 a
1327 3333 1465 3419 grangia

405 3453 479 3499 mea
512 3454 616 3518 usque
651 3434 693 3499 ad
728 3432 973 3498 extremitatem
1012 3431 1178 3519 praedietae
1216 3431 1339 3511 croftas,
1376 3433 1465 3499 inter

404 3535 580 3620 gardinum
603 3556 714 3600 meum
737 3540 772 3600 et
795 3534 987 3622 praedietam
1011 3533 1157 3612 croftam,
1180 3555 1255 3600 oum
1282 3541 1355 3600 tota
1377 3541 1465 3602 terra

405 3639 643 3723 praenominata
681 3642 715 3702 et
744 3637 900 3703 omnibus
932 3636 1142 3723 pertinentiis
1180 3638 1257 3714 suia,
1297 3638 1463 3724 praedietis

403 3740 518 3808 abbati
552 3745 586 3805 et
619 3740 798 3805 conventui
831 3746 866 3804 et
896 3760 1009 3805 eorum
1032 3739 1281 3816 suecessoribus,
1304 3739 1407 3805 libere
1429 3745 1464 3805 et

405 3842 516 3927 quiete
539 3848 573 3908 et
596 3841 729 3927 paoifioe
748 3844 824 3930 jure
848 3842 1076 3908 elemosinario
1099 3843 1350 3928 imperpetuum.

432 3944 512 4014 ,Pro
546 3944 608 4011 hae
641 3950 753 4010 autem
777 3946 954 4010 donatione
979 3949 1013 4011 et
1034 3944 1239 4011 concessione
1261 3965 1343 4022 mea,
1366 3944 1464 4010 dede-

404 4052 484 4111 runt
516 4046 598 4111 mihi
636 4046 786 4132 praedieti
821 4047 922 4112 abbas
957 4052 991 4112 et
1022 4050 1204 4112 conventus
1242 4067 1302 4112 sex
1339 4067 1463 4112 mareas

375 4150 541 4242 ⁴argenti.
587 4149 632 4214 Et
655 4171 714 4234 ego
739 4148 923 4216 Willelmus
946 4153 982 4214 et
1005 4149 1139 4215 heredes
1169 4149 1234 4212 mei
1266 4147 1462 4234 praedietum

405 4251 628 4338 curtillagium
663 4272 739 4316 oum
770 4253 938 4338 mesuagio
976 4273 1074 4337 super
1112 4250 1283 4328 aedificato,
1315 4256 1351 4316 et
1387 4271 1462 4316 oum

404 4353 509 4419 crofta
540 4353 781 4438 praenominata
814 4375 889 4419 eum
923 4353 1034 4419 clauso
1056 4352 1214 4438 praedicto
1236 4356 1271 4417 et
1293 4373 1368 4418 eum
1391 4359 1462 4418 tota

404 4461 492 4521 terra
534 4456 784 4542 praenominata,
822 4457 908 4521 sieut
956 4454 1151 4541 praedictum
1198 4459 1258 4531 est,
1295 4453 1462 4541 praedietis

404 4556 519 4623 abbati
556 4562 590 4624 et
622 4559 801 4624 conventui
840 4565 874 4624 et
911 4578 1024 4624 eorum
1061 4555 1310 4634 suecessoribus,
1348 4563 1463 4622 eontra

403 4681 515 4725 omnes
547 4661 701 4726 mortales
732 4662 975 4748 imperpetuum
1003 4659 1301 4736 warantizabimus,
1333 4659 1462 4745 aequie-

403 4761 548 4828 tabimus
571 4768 605 4830 et
643 4762 855 4828 defendemus
894 4763 934 4838 de
972 4760 1126 4827 omnibus
1158 4761 1305 4832 serviciis
1328 4765 1363 4829 et
1385 4783 1461 4834 oon·
