3578 5808
443 886 486 948 82
695 895 894 946 auolsrauu
919 895 1243 946 uacuasnumsusa.

489 1083 575 1150 Item
598 1083 744 1151 alienata
765 1104 925 1162 revocare,
947 1088 982 1149 et
1004 1085 1163 1171 dissipata
1185 1105 1246 1170 pro
1272 1081 1400 1147 viribus
1423 1101 1499 1147 con·

444 1208 579 1275 gregare
595 1186 733 1264 studuit,
757 1187 916 1272 quasdam
939 1192 1046 1252 cartas
1070 1187 1106 1251 in
1121 1187 1265 1252 ecclesiae
1288 1183 1499 1270 dispendium

445 1313 466 1356 a
487 1291 779 1377 praedecessoribus
810 1291 879 1355 suis
905 1290 1071 1356 confectas
1101 1289 1295 1366 revocando,
1318 1293 1353 1353 et
1374 1309 1499 1374 posses-

446 1395 552 1458 siones
582 1393 772 1458 monasterii
806 1414 865 1478 pro
898 1413 991 1477 posse
1015 1414 1074 1456 suo
1102 1391 1312 1478 redintegro,1
1334 1390 1498 1455 culturam

447 1498 539 1564 illam
572 1501 607 1562 in
633 1497 855 1586 Choellewrbe
878 1519 952 1582 quae
979 1497 1045 1562 fuit
1074 1496 1238 1562 Johannis
1269 1495 1300 1561 le
1324 1495 1500 1560 Sarmoner

449 1601 663 1686 comparavit,
693 1601 729 1663 in
759 1599 816 1684 jus
851 1605 885 1663 et
919 1600 1155 1685 proprietatem
1190 1598 1332 1664 ecclesiae
1369 1604 1499 1674 noetrae,

451 1702 549 1768 simul
572 1723 647 1768 cum
674 1701 747 1766 aliis
778 1707 939 1764 terrarum
966 1701 1125 1786 partibus,
1149 1723 1230 1786 quas
1254 1700 1349 1786 vigili
1379 1698 1500 1764 seduli·

451 1811 522 1871 tate
554 1804 778 1891 perquisierat,
810 1802 980 1867 convertit.
1042 1803 1157 1868 Terras
1190 1803 1230 1867 de
1253 1801 1440 1888 Wynegerd
1467 1807 1501 1865 et

451 1907 492 1972 de
516 1905 670 1992 Syrmore
693 1905 735 1970 ad
759 1903 1021 1969 emendationem
1044 1907 1187 1971 ecclesiae
1210 1905 1404 1972 sacristariae
1426 1924 1500 1967 nos-

452 2016 513 2074 trae
543 2009 786 2096 imperpetuum
817 2007 1009 2093 assignavit,
1034 2009 1082 2073 ita
1105 2015 1144 2072 ut
1167 2030 1223 2074 xx.
1247 2007 1302 2072 sol.
1326 2007 1500 2072 annuatim

452 2111 576 2177 reddat.
1028 2129 1031 2133 ’

498 2213 568 2278 Nos
601 2213 706 2298 igitur
728 2211 846 2278 fratres
877 2213 912 2277 in
936 2214 1032 2278 domo
1055 2213 1191 2277 Domini
1217 2213 1392 2278 constituti
1417 2233 1500 2297 prae·

451 2314 551 2379 missa
573 2321 732 2378 nontam
751 2314 924 2399 jactantiae
948 2315 1120 2380 memorati
1142 2315 1273 2379 abbatis
1303 2315 1359 2380 sed
1386 2314 1501 2401 gratiae

451 2422 485 2483 et
515 2416 807 2482 commendationis
842 2421 1079 2494 enumerantes,
1108 2415 1230 2480 vitium
1261 2417 1361 2480 etiam
1391 2417 1502 2501 ingra-

450 2519 605 2584 titudinis
629 2519 837 2594 detestantes‚
862 2524 896 2583 et
919 2517 1019 2582 talem
1042 2519 1227 2602 operarium
1254 2517 1392 2603 dignum
1418 2539 1502 2582 mer-

450 2621 528 2686 cede
558 2641 618 2684 sua
645 2621 841 2704 judicantes,
863 2621 906 2685 ad
937 2620 1132 2685 instantiam
1165 2619 1277 2704 ipsius,
1301 2619 1502 2684 unanimiter

450 2728 485 2787 et
507 2721 681 2786 affectuose
704 2721 875 2806 praefatam
898 2721 1137 2786 concessionem
1160 2726 1306 2785 nostram
1334 2721 1396 2785 sub
1418 2743 1501 2806 prae-

450 2823 554 2888 sentis
586 2829 686 2888 cartae
717 2823 908 2888 testimonio
938 2823 1225 2887 confirmavimus:
1257 2827 1441 2887 statuentes
1463 2827 1503 2886 ut

452 2924 649 3009 quicumque
673 2924 713 2989 de
729 2927 818 2988 coetu
841 2929 962 3001 nostro,
978 2924 1048 2988 sive
1071 2925 1107 2987 in
1126 2925 1241 3010 capite,
1257 2925 1327 2989 sive
1350 2925 1387 2988 in
1402 2946 1503 2989 mem·

451 3027 519 3091 bris
549 3026 741 3111 praedictam
768 3027 1008 3090 concessionem
1032 3025 1155 3090 violare
1186 3027 1409 3112 temptaverit,
1432 3027 1460 3090 si
1482 3048 1503 3090 a

451 3128 579 3193 duobus
596 3127 650 3192 vel
671 3149 692 3191 a
714 3128 820 3191 tribus
847 3127 1005 3192 fratribus
1030 3128 1257 3205 commonitus,
1282 3151 1301 3194 a
1324 3149 1502 3214 praesump-

451 3231 542 3296 tione
584 3251 708 3295 cessare
746 3229 897 3306 noluerit,
930 3252 950 3294 a
985 3231 1149 3296 consortio
1179 3235 1292 3296 nostro
1324 3235 1503 3316 separatus,

452 3331 581 3418 publice
605 3332 774 3416 subjaceat
803 3333 1145 3398 excommunicationi.
1192 3333 1312 3399 Valeat
1341 3332 1503 3397 universi-

456 3439 508 3498 tas
531 3436 644 3498 vestra
664 3433 702 3497 in
723 3433 876 3499 Domino.

848 3664 926 3731 Car.
952 3663 1114 3731 OOXXV.

515 3834 682 3920 obligatio
718 3833 854 3900 Robata'
888 3834 928 3898 <tc
964 3834 1001 3899 lu
1036 3832 1132 3898 Mare
1164 3857 1230 3920 pro
1258 3835 1370 3920 firmae
1404 3835 1444 3902 de

877 3937 1087 4023 Hamptoau.

286 4117 434 4184 obligatas
498 4097 613 4162 Sciant
637 4099 815 4182 praesentes
841 4099 876 4159 et
898 4094 1003 4158 futuri
1027 4094 1115 4178 quod
1131 4115 1191 4180 ego
1216 4093 1379 4176 Robertus
1405 4094 1445 4160 de
1471 4096 1504 4162 la

285 4183 438 4234 fornum.
454 4199 554 4278 Mare,
578 4198 679 4274 miles,
704 4197 850 4282 obligavi
872 4218 925 4261 me
949 4203 983 4261 et
1009 4195 1146 4260 heredes
1172 4217 1261 4261 meos
1282 4219 1342 4282 per
1363 4220 1505 4286 praesen·

454 4309 521 4367 tem
548 4307 671 4366 cartam
701 4321 806 4364 meam
839 4305 873 4364 et
899 4320 958 4385 per
987 4305 1235 4376 sacramentum,
1269 4302 1367 4366 tactis
1398 4324 1504 4368 sacro-

454 4404 576 4468 sanctis
600 4402 787 4488 evangeliis,
804 4402 840 4466 in
860 4402 1005 4488 capitulo
1028 4401 1239 4467 conventuali
1262 4402 1504 4471 Malmesburiae

454 4504 666 4590 corporaliter
688 4504 881 4590 praestitum,
906 4505 994 4590 quod
1016 4503 1129 4569 abbati
1161 4509 1195 4570 et
1217 4507 1396 4570 conventui
1419 4507 1504 4594 ejus·

454 4609 529 4672 dem
552 4605 615 4671 loci
636 4606 673 4669 in
695 4604 848 4670 omnibus
871 4605 1066 4671 fidelitatem
1090 4605 1343 4686 observabimus,
1361 4614 1395 4674 et
1417 4610 1505 4696 quod

1112 4741 1349 4749 ——-·----———
1365 4745 1371 4748 .
1382 4745 1409 4750 .,
1441 4745 1503 4753 ,-

938 4814 947 4847 ¹
965 4813 1016 4868 sia.
