3566 5820
436 879 500 942 152
688 865 885 949 nsorsruuu
909 895 1233 950 uenussnunmrss.

434 1082 493 1158 tra,
517 1080 571 1146 vel
593 1080 778 1167 aliquorum
812 1083 983 1150 hominum
1018 1089 1213 1164 nostrorum,
1235 1105 1294 1171 per
1327 1105 1486 1150 manuum

369 1207 371 1210 ·
433 1181 650 1248 intrusionem
687 1185 760 1252 illos
792 1190 896 1254 terras
934 1188 1174 1274 ingrediantur,
1211 1187 1325 1254 licebit
1363 1188 1485 1254 eisdem

432 1282 657 1370 burgensibus,
681 1293 716 1353 et
747 1288 922 1354 heredibus
954 1290 1023 1356 suis
1056 1291 1110 1356 vel
1144 1290 1328 1376 assignatis,
1360 1289 1419 1356 illa
1452 1290 1488 1353 in

432 1406 529 1470 parco
553 1409 612 1454 suo
634 1390 821 1476 antiquitus
845 1392 968 1460 usitato
991 1392 1170 1478 inparcare,
1196 1398 1230 1458 et
1252 1413 1312 1478 pro
1335 1392 1486 1478 dampnis

431 1488 495 1553 sibi
518 1489 614 1556 fectis
636 1492 848 1560 rationabiles
872 1495 1026 1562 emendas
1048 1495 1199 1582 recipere.

477 1591 570 1658 Idem
593 1593 693 1662 etiam
716 1601 945 1664 concesserunt
978 1597 1073 1663 nobis
1108 1597 1188 1664 dicti
1208 1597 1397 1682 ¹burgenses
1428 1615 1488 1683 pro

432 1717 466 1760 se
488 1700 524 1759 et
545 1694 720 1764 heredibus
743 1699 818 1778 suis,
842 1698 870 1763 si
892 1699 1007 1766 everis
1028 1695 1108 1768 sua¹
1133 1700 1317 1785 portionem
1331 1704 1488 1776 nostram,

431 1819 531 1883 quam
554 1799 649 1864 nobis
671 1807 901 1868 concesserimt
934 1801 1174 1880 includendam,
1198 1802 1309 1888 aliquo
1341 1807 1487 1888 tempore

431 1901 667 1986 ingrediantur.
699 1903 900 1970 ·Portionem
930 1910 1042 1970 autem
1077 1926 1170 1988 suam
1204 1905 1245 1972 de
1272 1903 1488 1990 ,Barndehepe

430 2003 513 2070 dicti
550 2005 727 2091 burgenses
765 2007 814 2072 ita
851 2007 1011 2074 inclusam
1049 2007 1172 2074 debent
1208 2007 1360 2085 retinere,
1399 2005 1488 2092 quod

430 2107 542 2172 averia
565 2107 688 2175 ibidem
705 2108 876 2176 venientia
898 2110 1027 2195 ingredi
1049 2108 1267 2196 nonpossint,
1287 2129 1361 2194 quse
1384 2108 1413 2174 si
1427 2129 1487 2194 pro

431 2209 563 2276 defectu
594 2210 769 2276 clausturae
792 2211 1030 2298 ingrediantur,
1060 2231 1129 2278 non
1151 2211 1266 2278 licebit
1297 2211 1421 2278 eisdem
1448 2231 1488 2274 ea

430 2313 608 2398 inparcare,
631 2334 693 2382 neo
715 2315 868 2382 emendos
891 2336 951 2400 pro
974 2315 1119 2400 dampno
1146 2314 1210 2382 sibi
1233 2313 1324 2382 iacto
1346 2313 1484 2398 exigere.

430 2415 474 2482 Et
497 2417 525 2480 si
547 2416 652 2503 aliqui
674 2418 847 2483 hominum
868 2422 1055 2484 nostrorum
1089 2417 1242 2484 convinci
1275 2417 1404 2503 possint
1427 2415 1487 2484 ali-

430 2541 495 2603 quo
515 2553 517 2558 ·
534 2524 679 2606 temporo
711 2520 799 2604 quod
834 2520 1034 2586 clausturam
1072 2519 1235 2586 dictorum
1273 2517 1485 2605 burgensium

429 2620 677 2688 fraudulenter2
707 2622 920 2708 diffregerint,
947 2622 1155 2692 concedimus
1189 2621 1277 2708 quod
1309 2621 1486 2707 burgenses

428 2723 511 2790 tales
534 2725 687 2790 emendas
718 2725 887 2811 recipient,
911 2727 999 2811 quod
1023 2726 1134 2792 oaeteri
1167 2724 1248 2792 talia
1279 2724 1486 2810 postmodum

427 2825 534 2892 facere
556 2827 796 2914 pertimescant.

474 2927 657 2994 Habebunt
679 2929 780 2994 etiem
803 2929 886 2996 dicti
909 2930 1087 3016 burgenses
1110 2933 1272 2996 eteorum
1294 2925 1430 2994 heredes
1452 2933 1487 2994 et

428 3031 588 3117 assignati
609 3031 747 3098 liberam
771 3029 925 3110 chasiam,
950 3037 985 3098 et
1007 3031 1148 3100 liberum
1171 3031 1359 3098 cheminum
1381 3052 1487 3119 suum,

428 3135 472 3200 od
493 3135 643 3201 ducenda
665 3139 700 3199 et
721 3133 906 3200 reducenda
928 3133 1040 3200 averia
1062 3155 1123 3200 sue
1143 3133 1187 3202 ad
1218 3155 1312 3200 suam
1334 3153 1486 3219 magnam

428 3237 588 3314 brueram,
623 3241 658 3302 et
685 3237 785 3302 etiam
819 3236 862 3301 ad
882 3235 976 3302 fimos
1010 3258 1086 3302 suos
1120 3237 1288 3304 cariendos
1319 3237 1363 3302 ad
1384 3242 1486 3302 terres

429 3361 513 3418 sues,
536 3345 570 3404 et
592 3339 635 3405 ed
657 3339 792 3405 bladum
816 3360 912 3404 suum
935 3339 1124 3405 cerieudum
1148 3341 1189 3404 do
1211 3339 1309 3404 terris
1331 3339 1407 3416 suis,
1429 3360 1487 3423 per

428 3443 518 3508 viam
541 3443 633 3508 illam
657 3464 730 3528 quae
753 3441 915 3529 Ripweyo
937 3443 1132 3529 appellatur,
1155 3443 1226 3508 sine
1249 3443 1486 3528 impedimento

428 3552 540 3611 nostro
563 3545 617 3610 vel
639 3566 859 3612 successorum
881 3551 1068 3612 nostrorum
1091 3547 1342 3632 imperpetuum.

473 3648 544 3712 Nos
575 3648 709 3733 insuper
732 3655 766 3714 et
797 3669 995 3716 successores
1028 3648 1132 3714 nostri
1166 3653 1272 3714 totam
1299 3647 1485 3734 portionem

429 3772 521 3816 suam
552 3750 593 3816 de
616 3749 652 3816 lu
674 3750 887 3840 Bormdelrope
909 3751 1076 3838 prredictis
1099 3751 1318 3838 burgensibus
1340 3755 1375 3817 et
1396 3748 1488 3816 here·

429 3853 526 3918 dibus
549 3861 583 3919 et
606 3854 781 3938 assignatis
805 3854 882 3932 suis,
897 3860 1013 3922 contra
1035 3875 1149 3920 omnes
1171 3859 1295 3939 gentes,
1319 3852 1361 3918 de
1383 3853 1488 3918 omni-

428 3955 491 4020 bus
513 3955 748 4034 exactionibus,
772 3955 878 4022 veluti
900 3963 1048 4024 nostram
1063 3956 1248 4044 portionem
1271 3973 1371 4042 quam
1392 3955 1488 4021 nobis

429 4058 626 4124 remiserunt
657 4064 692 4124 et
725 4065 955 4126 concesserunt
987 4060 1230 4137 includendam,
1262 4059 1383 4124 nostris
1413 4079 1487 4143 pro·

429 4161 509 4245 priis
543 4161 730 4248 sumptibus
764 4161 1007 4249 imperpetuum
1041 4163 1261 4230 defendemus.
1308 4159 1345 4228 Si
1376 4165 1489 4225 autem

429 4263 621 4346 praedictam
653 4265 837 4350 portionem
858 4270 1006 4330 nostram
1040 4266 1181 4330 retinere
1216 4283 1283 4331 non
1315 4263 1488 4350 possimus,

429 4365 472 4430 ed
494 4365 620 4430 nullam
643 4367 868 4434 defensionem
884 4367 1007 4434 eisdem
1029 4367 1213 4434 faciendam
1236 4372 1416 4445 teneamur,
1432 4365 1490 4432 sed

429 4465 542 4534 omnia
563 4470 802 4554 praenominata
831 4470 874 4535 ed
907 4470 1085 4556 pristinum
1117 4474 1242 4538 statum
1265 4491 1331 4556 quo
1354 4469 1490 4534 fuerumt

466 4747 473 4778 ¹
491 4747 526 4798 So
549 4745 575 4796 in
598 4746 671 4806 Ms.;
693 4745 842 4812 apparently
862 4759 932 4796 some
1022 4743 1033 4776 ²
1050 4729 1223 4806 fraudentes,
1234 4743 1294 4796 MS,

430 4828 513 4878 words
524 4840 567 4878 are
579 4825 693 4877 omitted.
769 4829 770 4833 ’
