3524 5808
456 919 520 982 354
708 929 907 980 nnarsrnurr
930 927 1251 980 urnursnurunusa

456 1118 506 1182 ite
537 1117 728 1184 claudemus
762 1122 796 1180 et
834 1117 869 1179 in
907 1115 970 1179 tali
1007 1115 1118 1179 clauso
1151 1113 1384 1190 custodiemus
1421 1110 1508 1198 quod

458 1220 571 1284 averia
604 1219 836 1305 praedictorum
874 1217 993 1303 prioris
1043 1223 1077 1282 et
1100 1221 1284 1282 conventus
1323 1217 1508 1300 ingressum

458 1343 526 1386 non
559 1321 738 1396 habebunt.
786 1321 830 1386 Et
861 1322 889 1384 si
921 1321 1035 1385 averia
1061 1321 1293 1406 praedictorum
1325 1319 1444 1404 prioris
1475 1323 1508 1382 et

459 1430 641 1490 conventus
679 1446 738 1511 pro
783 1423 914 1489 defectu
946 1423 1122 1490 elausturae
1177 1427 1300 1487 nostrae
1332 1423 1369 1486 in
1404 1427 1508 1486 terras

458 1533 587 1594 nostras
610 1548 757 1613 ingressa
787 1526 921 1602 fuerint,
957 1546 1022 1589 non
1062 1524 1175 1590 licebit
1211 1525 1313 1589 nobis
1346 1545 1404 1588 seu
1438 1523 1507 1586 bal-

458 1629 535 1693 livis
584 1629 705 1692 nostris
752 1649 791 1692 ea
840 1627 1026 1713 inparkare‚
1072 1648 1133 1691 nee
1176 1627 1306 1711 aliquas
1352 1625 1508 1690 emendas

460 1753 574 1818 capere
600 1753 656 1796 seu
681 1731 819 1816 exigere.
867 1729 1095 1794 Concessimus
1130 1730 1229 1793 etiam
1265 1749 1325 1813 pro
1356 1727 1452 1793 nobis
1475 1733 1508 1790 et

460 1833 698 1899 suecessoribus
729 1833 860 1910 nostris,
884 1832 971 1916 quod
1005 1830 1175 1896 Johannes
1198 1831 1239 1895 de
1271 1831 1303 1895 la
1326 1831 1432 1894 Merse
1456 1829 1508 1894 vel

461 1937 532 2020 ejus
554 1935 660 2000 locum
693 1941 809 1999 tenens
842 1933 965 1999 habeat
999 1933 1141 1998 chasiam
1166 1955 1258 1998 suam
1291 1955 1350 2019 per
1380 1937 1508 2018 portam

460 2043 605 2102 nostram
637 2037 677 2100 (le
701 2035 921 2121 Fouleswyke
945 2057 1049 2121 usque
1083 2036 1125 2100 ari
1158 2035 1277 2099 croftas
1311 2056 1387 2098 suas
1420 2033 1509 2119 apud

461 2138 636 2214 Putteslee‚
658 2143 692 2202 et
714 2138 813 2202 etism
838 2160 895 2223 per
918 2143 1018 2223 eaput
1033 2137 1232 2202 occidentale
1255 2159 1367 2222 gravae
1389 2143 1509 2200 nostrae

461 2242 502 2305 de
535 2239 711 2314 Putteslee‚
734 2261 809 2303 eum
845 2239 958 2316 bobus,
981 2239 1081 2316 affris,
1114 2239 1264 2304 curribus
1298 2243 1332 2302 et
1364 2239 1508 2313 carectis,

293 2373 312 2422 f.
326 2370 406 2420 29⁶&
457 2342 582 2428 junctis
606 2347 640 2406 et
662 2362 729 2405 non
748 2341 883 2426 junctis,
908 2343 978 2405 sine
1001 2341 1113 2426 aliquo
1136 2341 1374 2426 impedimento
1396 2347 1509 2404 nostro

460 2466 518 2509 seu
541 2464 761 2508 suceessorum
792 2449 987 2508 nostrorum.
1034 2444 1105 2506 Nos
1137 2465 1215 2508 vero
1247 2448 1281 2507 et
1312 2465 1508 2508 successores

459 2547 565 2611 nostri
587 2546 781 2631 praedictum
805 2547 1008 2630 mesuagium
1032 2566 1106 2609 eum
1131 2545 1297 2631 praedietis
1331 2545 1442 2610 orestis
1476 2551 1509 2609 et

460 2648 590 2725 ehaeiis‚
608 2648 774 2733 praedietis
789 2649 891 2732 priori
909 2653 943 2712 et
965 2649 1143 2712 conventui
1167 2653 1201 2712 et
1223 2669 1334 2712 eorum
1351 2669 1508 2713 suceesso-

461 2751 552 2814 ribus
575 2757 689 2814 eontra
712 2771 823 2814 omnes
845 2749 999 2814 mortales
1022 2750 1311 2814 warentizabimus
1335 2755 1369 2814 et
1401 2750 1508 2814 defeu-

462 2853 584 2918 demus¹
632 2851 673 2914 In
697 2852 790 2935 eujus
813 2852 862 2914 rei
885 2851 1112 2915 testimonium
1147 2850 1209 2916 hoe
1242 2873 1387 2936 praesens
1411 2853 1507 2936 serip-

463 2961 535 3019 tum
570 2954 766 3037 bipertitum
803 2952 892 3016 inter
929 2974 989 3016 nos
1024 2959 1075 3017 est
1108 2952 1302 3029 confectum,
1326 2959 1362 3017 et
1395 2952 1507 3038 sigillis

461 3057 583 3121 nostris
605 3054 796 3120 alternatim
828 3056 982 3139 appensis
1017 3053 1215 3119 roboratum.
1262 3055 1340 3119 Hiis
1362 3054 1507 3130 testibus,

461 3165 629 3244 utsupra.

801 3383 895 3468 [Cur.
920 3381 1176 3470 COCOLXHI]

464 3514 581 3595 Quieta
603 3511 794 3577 obseruantia
817 3510 947 3576 Avieioe
973 3509 1107 3576 Nobilot
1123 3511 1221 3596 factu
1243 3509 1356 3577 abbati
1380 3520 1408 3578 et
1440 3535 1509 3578 eou-

506 3615 624 3679 ventui
647 3615 687 3680 cie
711 3611 957 3678 Mulruesbnrn'u
980 3611 1019 3678 de
1043 3619 1135 3676 terre
1150 3613 1188 3677 de
1211 3613 1478 3699 Hatera-ynam}

295 3764 442 3828 Quitclaim
508 3752 623 3818 Sciant
645 3757 823 3836 praesentes
846 3755 880 3814 et
901 3749 1006 3814 futuri
1028 3752 1116 3836 quod
1139 3772 1199 3835 ego
1221 3753 1341 3818 Aviaia
1364 3753 1514 3832 Nobelot,

292 3831 442 3948 ffifflf
465 3876 550 3920 uxor
595 3853 761 3938 quondam
809 3851 993 3936 Wymuudi
1036 3853 1077 3916 de
1120 3851 1316 3939 Coubrigge,
1355 3857 1407 3919 in'
1435 3857 1514 3942 ligia

292 3965 452 4016 nerrauer’s
465 3957 627 4020 viduitate
673 3976 755 4032 mea,
786 3954 923 4030 reddidi,
961 3954 1071 4018 remisi
1109 3960 1144 4019 et
1181 3955 1330 4040 quietum
1367 3958 1515 4037 clamavi,

293 4031 372 4082 lm*
464 4081 523 4143 pro
568 4079 620 4122 me
659 4062 694 4121 et
739 4055 914 4121 heredibus
953 4056 1035 4119 meis
1080 4057 1323 4141 inperpetuum,
1369 4060 1440 4125 Deo
1477 4067 1513 4127 et

464 4159 605 4224 eeclesiae
644 4158 739 4222 Beati
784 4156 928 4220 Aldelmi
966 4157 1007 4220 de
1042 4157 1283 4236 Malmesburie,
1315 4166 1350 4224 et
1382 4161 1515 4226 domino

463 4259 628 4325 Willelmo
668 4259 792 4336 abbati,
829 4264 864 4323 et
900 4259 1067 4322 monachis
1099 4260 1220 4325 ibidem
1260 4261 1331 4327 Deo
1371 4265 1516 4329 servien-

464 4365 563 4440 tibus,
611 4368 719 4426 totum
753 4362 810 4448 jus
848 4366 882 4424 et
920 4361 1073 4424 elamium
1113 4367 1147 4425 et
1185 4367 1293 4426 totum
1332 4365 1517 4436 dominium

464 4465 553 4549 quud
606 4463 717 4539 hebui,
764 4461 817 4526 vel
865 4461 976 4546 aliquo
1022 4461 1118 4525 modo
1165 4462 1284 4527 habere
1331 4467 1435 4550 potui,
1480 4468 1519 4532 in

465 4565 618 4630 omnibus
660 4563 756 4628 terris
798 4562 864 4626 illis
911 4567 945 4626 et
991 4564 1190 4626 tenementis
1236 4585 1312 4629 eum
1362 4567 1519 4634 omuibus

464 4668 533 4732 suis
554 4665 773 4753 pertinentiis,
798 4685 871 4748 quae
894 4665 1030 4728 fuerunt
1045 4664 1221 4730 Hereberti
1245 4666 1389 4734 Nobelot
1412 4672 1520 4755 patris

1009 4795 1156 4802 -ο-ψ-
1162 4797 1277 4804 ——.-.

608 4835 614 4867 ¹
629 4834 693 4884 This
705 4833 810 4898 chapter
822 4834 843 4883 is
855 4833 881 4884 in
892 4833 1037 4886 adiuuent
1048 4834 1118 4887 hand
1129 4843 1157 4885 to
1168 4836 1213 4885 the
1224 4837 1370 4906 preceding.
