3524 5808
459 847 523 912 334
711 861 909 911 rssrsrsuu
933 859 1257 911 umurssumrmsu.

802 1081 881 1147 cm.
907 1080 1140 1148 OOOOXLVI.

491 1232 613 1315 Quieta
635 1232 828 1298 clamantia
853 1206 1012 1300 othrico
1027 1234 1117 1320 filioe
1139 1233 1289 1319 ejsudem
1311 1232 1481 1320 Philippi.

503 1389 665 1453 Omnibus
689 1387 814 1453 Christi
849 1388 1001 1452 fidelibus
1034 1409 1177 1473 praesens
1200 1390 1358 1474 scriptum
1390 1387 1511 1451 visuris

458 1492 512 1555 vel
527 1491 700 1568 audituris,
725 1491 871 1555 Oristinc
894 1491 963 1554 filiu
979 1491 1125 1577 Philippi
1149 1493 1281 1576 Reyner
1303 1496 1338 1556 et
1362 1490 1510 1555 Isabellae

457 1593 610 1670 Nobelot,
646 1593 786 1658 salutem
820 1595 855 1656 in
887 1593 1032 1658 Domino
1070 1595 1313 1679 sempiternom.
1371 1592 1511 1656 Noverit

456 1696 656 1760 universitas
688 1702 799 1758 vestra
842 1717 894 1759 me
928 1695 1132 1772 concessisse,
1167 1695 1339 1773 remisisse,
1378 1701 1413 1758 et
1452 1713 1509 1780 pro

457 1817 509 1862 me
532 1802 567 1862 et
597 1797 773 1861 heredibus
796 1797 877 1860 meis
900 1805 935 1860 et
957 1797 1133 1881 assignatis
1155 1799 1237 1860 meis
1268 1798 1508 1882 imperpetuum

458 1899 606 1983 quietum
639 1898 804 1974 clamasse,
828 1896 994 1962 Willelmo
1026 1896 1095 1962 filio
1117 1895 1301 1983 Wymundi
1336 1899 1377 1962 de
1401 1897 1508 1963 Chou-

458 2001 580 2086 brigge,
603 2001 846 2084 consanguineo
878 2021 961 2076 mco,
985 2006 1020 2064 et
1050 1999 1228 2064 heredibus
1251 2000 1320 2063 suis
1351 2006 1387 2064 et
1410 2001 1510 2084 assig-

456 2103 544 2166 natis
560 2103 636 2177 suis,
652 2123 711 2187 pro
727 2101 895 2166 beneficiis
911 2101 980 2165 suis
1004 2101 1086 2164 mihi
1102 2101 1240 2177 collutis,
1257 2107 1291 2166 et
1314 2124 1374 2187 pro
1397 2123 1509 2166 annuo

456 2205 589 2268 redditu
623 2205 722 2267 unius
745 2204 833 2268 oboli
866 2203 948 2267 mihi
972 2209 1007 2270 et
1028 2203 1205 2268 heredibus
1237 2204 1319 2267 meis
1342 2208 1376 2267 et
1408 2204 1510 2288 ussig-

456 2307 545 2370 nstis
568 2305 649 2370 meis
682 2307 717 2368 in
741 2304 866 2370 Pascha
889 2304 1057 2380 solvendo,
1081 2308 1190 2369 totum
1218 2305 1274 2389 jus
1298 2310 1332 2369 et
1354 2304 1508 2369 clumium

457 2409 544 2492 quod
568 2408 679 2482 habui,
694 2407 748 2471 vel
772 2407 885 2492 aliquo
907 2407 1004 2472 modo
1027 2406 1147 2471 habere
1171 2407 1275 2492 potui,
1299 2405 1335 2470 in
1359 2412 1430 2471 toto
1452 2405 1509 2470 illo

457 2515 645 2574 tenemento
677 2510 717 2574 de
753 2509 1010 2593 Hanekyntonc,
1034 2509 1122 2593 quod
1154 2508 1290 2573 Juliano
1312 2509 1353 2572 de
1386 2509 1509 2573 Molen-

457 2614 543 2690 dino,
559 2613 636 2677 avia
659 2633 740 2688 meo,
757 2612 867 2676 tenuit
889 2611 925 2674 in
941 2610 1051 2675 dotem
1069 2616 1144 2696 post
1167 2611 1334 2676 decessum
1352 2610 1509 2676 Herberti

458 2715 601 2779 Nobelot
625 2714 690 2777 viri
713 2715 773 2776 sui.
822 2713 875 2776 Ita
907 2712 995 2797 quod
1018 2733 1079 2776 nec
1102 2733 1172 2797 ego,
1194 2733 1255 2776 neo
1277 2711 1413 2776 heredes
1435 2714 1508 2788 mei,

456 2839 516 2882 nec
538 2816 705 2902 assignati,
729 2836 789 2878 nec
811 2814 930 2899 aliquis
953 2815 1085 2878 nomine
1107 2813 1264 2878 heredum
1288 2835 1434 2878 meorum
1458 2816 1510 2880 vel

454 2920 696 3004 assignatorum
731 2937 887 2992 meorum,
910 2915 1036 3000 aliquid
1066 2915 1152 3000 juris
1176 2917 1229 2978 vel
1262 2915 1371 2980 clcmii
1395 2938 1508 2982 versus

454 3023 580 3087 dictum
614 3017 828 3094 Willelmum,
861 3017 915 3081 vel
949 3016 1085 3082 heredes
1124 3038 1200 3081 suos
1235 3017 1287 3082 vel
1326 3019 1508 3104 assignatos

454 3145 539 3202 suos,
563 3124 598 3186 iu
621 3121 733 3205 aliqua
756 3121 908 3206 portione
931 3121 1036 3182 totius
1052 3118 1133 3183 dicti
1156 3122 1337 3186 tenementi
1361 3143 1413 3186 me
1435 3143 1509 3186 con·

454 3227 614 3313 tingente,
637 3229 757 3308 praeter
780 3223 905 3287 dictum
929 3243 1076 3286 annuum
1101 3221 1266 3286 redditum
1291 3225 1390 3288 unius
1413 3224 1508 3299 oboli,

454 3328 565 3412 aliquo
599 3333 745 3410 tempore
779 3325 941 3410 possimus
976 3324 1108 3408 exigere
1140 3323 1195 3388 vel
1218 3326 1404 3391 vendicare.
1467 3327 1510 3390 In

455 3428 548 3515 cujus
570 3428 618 3492 rei
641 3425 867 3491 testimonium
891 3445 1033 3511 praesens
1056 3425 1216 3510 scriptum
1239 3426 1328 3492 dicto
1344 3427 1509 3493 Willelmo

455 3531 527 3596 fieri
565 3529 636 3606 feci,
669 3534 703 3594 et
740 3526 842 3614 sigilli
874 3528 939 3591 mei
977 3526 1191 3612 impressione
1230 3528 1369 3593 munivi.
1431 3529 1509 3594 Hiis

456 3631 607 3699 testibus.

809 3839 888 3907 Ore.
914 3837 1168 3906 OOCOXLVII.

458 3985 561 4048 Oorta
590 3981 753 4048 Willelmo'
771 3979 849 4067 filit
870 3978 1067 4046 Jotannts¹
1090 3979 1197 4045 Boset
1222 3979 1322 4066 sacta
1344 3981 1459 4047 abbati
1480 3989 1511 4047 et

545 4084 724 4150 conventui
777 4081 1028 4148 Maluentum
1079 4081 1120 4147 cle
1172 4081 1311 4148 redditu
1360 4083 1511 4150 duorum

546 4185 727 4250 obolorum.

288 4297 425 4426 ἓξὲξ),
503 4310 617 4376 Sciant
640 4312 817 4395 praesentes
840 4313 875 4373 et
896 4307 1003 4372 futuri
1026 4307 1115 4392 quod
1137 4329 1197 4394 ego
1212 4307 1406 4387 willelmus,
1422 4309 1512 4374 filius

288 4429 396 4479 ofrents
408 4429 435 4478 in
457 4412 623 4500 quondam
646 4410 810 4476 Johcnnis
844 4409 951 4485 Burel,
983 4410 1069 4484 dedi,
1092 4411 1244 4487 concessi,
1268 4416 1302 4476 et
1333 4411 1395 4476 hcc
1427 4433 1512 4496 prae-

289 4496 395 4626 {ssfeff'f
456 4516 543 4581 senti
557 4519 649 4580 carto
671 4533 744 4577 mes
766 4511 968 4588 confirmari,
991 4510 1063 4576 Deo
1086 4516 1119 4575 et
1143 4511 1286 4576 ecclesiae
1310 4511 1406 4578 Beati
1428 4513 1512 4577 Ald-

290 4641 400 4694 macc,
456 4618 557 4685 helmi
588 4617 628 4681 de
653 4614 894 4690 Molmssburio,
917 4619 951 4678 et
974 4613 1106 4678 domino
1128 4612 1296 4678 Willelmo
1329 4614 1444 4680 abbati
1470 4615 1513 4680 de

458 4727 1504 4829 W
