3526 5810
524 922 721 972 nnorsranu
746 920 1068 973 usnurssunmnsr.
1258 910 1320 974 291

272 1103 465 1171 occidentali
490 1110 584 1191 parte
615 1107 783 1192 praediotae
805 1097 929 1192 plaeere*
942 1128 1058 1172 versus
1080 1107 1215 1172 domum
1238 1129 1322 1194 prae-

270 1205 352 1272 dicti
375 1205 515 1273 Walteri
538 1208 781 1296 quinquaginta
803 1215 838 1274 et
860 1215 933 1274 ooto
957 1210 1056 1294 pedes
1080 1215 1115 1274 ot
1137 1209 1321 1286 dimidium,

270 1313 305 1374 et
331 1310 368 1374 in
399 1309 553 1376 orientali
584 1317 677 1398 quarte
709 1333 824 1377 versus
858 1311 1017 1377 fabricam
1046 1311 1210 1378 Johannis
1232 1311 1322 1398 (lory

270 1411 393 1498 viginti
419 1417 455 1478 et
486 1421 611 1499 septem
644 1413 743 1500 pedes
777 1419 812 1480 et
841 1413 1017 1478 dimidium
1052 1413 1089 1478 in
1123 1413 1321 1480 latitudine:

271 1513 458 1580 habendum
501 1519 536 1580 et
572 1515 751 1581 tenendam
788 1520 896 1580 totam
940 1515 1135 1601 praediotem
1173 1516 1320 1601 plaoeam

270 1637 345 1682 oum
372 1616 525 1682 omnibus
559 1617 841 1682 meliorationibus
875 1617 1085 1704 imponendis
1108 1623 1143 1683 et
1174 1617 1321 1684 aedifioiis

270 1719 507 1798 construendis,
529 1718 689 1806 praedicto
721 1718 868 1784 Waltero
902 1724 937 1785 et
967 1719 1145 1786 heredibus
1176 1720 1253 1798 suis,
1279 1721 1321 1784 de

268 1820 365 1885 nobis
398 1825 433 1886 et
466 1821 704 1887 suooessoribus
737 1821 868 1898 nostris,
890 1821 1002 1898 libere,
1025 1822 1145 1907 quiete,
1168 1822 1254 1887 bene
1286 1827 1321 1887 et

269 1921 306 1985 in
344 1942 434 2008 paee.
494 1923 675 1988 Reddendo
713 1923 790 1988 inde
827 1924 1001 1989 annuatim
1039 1924 1168 1989 custodi
1206 1924 1322 1990 altaris

270 2023 382 2090 Beatae
414 2023 529 2090 Mariae
561 2025 597 2089 in
620 2024 755 2091 eeclesia
778 2023 894 2091 Sancti
924 2025 1069 2090 Aldelmi
1104 2026 1144 2090 do
1168 2024 1321 2091 Malmes·

269 2125 365 2191 buria
388 2127 446 2212 qui
468 2148 528 2213 pro
550 2133 697 2213 tempore
720 2125 829 2203 fuerit,
853 2127 935 2192 duos
966 2126 1087 2192 solidos
1110 2128 1153 2193 ad
1178 2133 1322 2212 quatuor

269 2229 349 2294 anni
372 2229 530 2294 terminos
553 2233 726 2294 consuetos
749 2233 784 2293 et
814 2230 955 2294 usitatos
980 2251 1040 2316 pro
1063 2230 1155 2294 omni
1178 2231 1321 2296 servicio

269 2331 415 2409 seculari,
450 2331 550 2397 salvis
583 2331 694 2396 liberis
728 2331 825 2417 burgi
857 2331 1160 2398 consuetudinibus.
1200 2332 1262 2396 *Et
1293 2331 1321 2396 si

269 2435 442 2520 contingat
471 2433 668 2520 praedictum
701 2432 886 2498 Walterum
917 2434 973 2498 vel
1005 2434 1142 2498 heredes
1174 2455 1251 2499 suos
1285 2435 1322 2498 in

269 2535 432 2601 solutione
469 2535 621 2621 praedicti
657 2535 807 2599 redditus
845 2535 957 2620 aliquo
995 2535 1137 2600 termino
1174 2535 1322 2613 deficere,

268 2636 366 2704 lieeat
388 2636 483 2703 nobis
505 2641 541 2703 ot
573 2635 812 2703 suecessoribus
834 2635 956 2701 nostris
980 2637 1175 2722 praediotnm
1197 2636 1323 2702 Walte-

267 2759 342 2802 rum
366 2741 400 2802 et
430 2738 566 2804 heredes
592 2758 668 2804 suos
702 2758 761 2823 per
783 2757 906 2803 meroes
929 2741 964 2802 et
998 2736 1120 2804 eatalla
1153 2759 1214 2804 sua
1247 2739 1322 2803 ubi·

268 2861 408 2926 eumque
431 2841 571 2905 inventa
600 2839 805 2925 distringere,
829 2860 1000 2925 quousque
1032 2840 1072 2905 de
1095 2840 1230 2906 redditu
1264 2842 1322 2926 qui

270 2941 428 3027 praedioto
459 2941 588 3007 custodi
619 2961 640 3005 e
672 2945 762 3005 retro
799 2939 909 3018 fuerit,
943 2941 1090 3026 plenarie
1124 2941 1189 3006 sibi
1219 2941 1323 3007 fuent

268 3042 485 3110 satisfactum.
531 3042 576 3107 Et
598 3063 658 3108 nos
680 3047 716 3108 et
748 3063 949 3108 successores
971 3043 1077 3108 nostri
1100 3047 1207 3108 totam
1238 3065 1322 3129 prae-

269 3145 391 3213 diotam
432 3147 579 3233 placeam
617 3167 691 3212 eum
729 3145 882 3210 omnibus
920 3145 1133 3232 pertinentiis
1175 3146 1253 3223 suis,
1283 3152 1322 3210 ut

269 3249 465 3334 praediotum
503 3254 563 3326 est,
597 3247 755 3334 praedicto
790 3247 937 3313 Waltero
972 3253 1007 3314 et
1043 3247 1221 3314 heredibus
1254 3249 1322 3313 suis

267 3355 384 3416 eontra
406 3370 519 3414 omnes
551 3348 706 3414 mortales
737 3348 1037 3415 warantizabimus.
1084 3349 1126 3412 In
1158 3348 1252 3435 eujus
1274 3350 1323 3414 rei
1450 3417 1455 3425 ,

269 3451 497 3517 testimonium
530 3448 594 3516 hoe
628 3449 789 3536 seriptum
822 3450 1020 3536 bipertitum
1053 3449 1143 3515 inter
1177 3472 1237 3515 nos
1272 3457 1323 3516 est

269 3553 463 3630 eonfeetum,
485 3556 520 3618 et
542 3551 659 3638 sigillis
681 3552 803 3618 nostris
826 3551 1017 3619 alternatim
1040 3553 1194 3638 appensis
1227 3554 1321 3619 robo-

269 3659 388 3721 ratum.
434 3653 512 3718 Hiis
533 3652 685 3729 testibus,
709 3658 768 3720 eta

640 3955 721 4022 ΟΔΡ.
745 3953 957 4022 OCOOXIII.

270 4105 494 4196 Ooafimaatio
530 4104 668 4174 domim
708 4105 868 4174 Wlllelsma'
904 4104 1034 4173 obbatis
1071 4106 1324 4176 Molmeeburioe

353 4210 450 4299 saeta
476 4208 607 4276 nandi
637 4207 762 4274 altoris
795 4209 906 4276 Beotoe
938 4209 1064 4276 Μανίας
1095 4209 1134 4276 de
1168 4209 1325 4278 Molmee-

360 4312 464 4380 toan
485 4311 533 4378 ad
555 4310 721 4399 quosdam
743 4333 846 4379 cereos
867 4313 1091 4382 abstinendos.

315 4461 500 4530 Omnibus¹
525 4469 648 4530 sanotae
674 4463 791 4529 matris
814 4463 958 4530 eoelesiae
981 4463 1067 4541 filiis,
1090 4468 1125 4529 et
1158 4463 1423 4552 praeeipuefflw·

269 4565 446 4632 abbatibus
461 4570 496 4630 et
510 4565 669 4631 fratribus
691 4565 729 4628 in
745 4563 1030 4630 Malmosburionsi
1053 4565 1203 4632 ooenobio
1225 4566 1321 4631 nobis
1334 4582 1445 4648 nesign-

444 4791 452 4826 ¹
470 4791 526 4844 The
538 4791 620 4844 whole
630 4791 717 4843 ofthis
729 4792 834 4858 chapter
845 4792 891 4844 has
902 4793 966 4844 been
977 4793 1077 4844 orossed
1088 4799 1142 4843 out.

1120 4888 1141 4937 r
1164 4875 1185 4938 2
