3524 5808
430 879 494 942 330
680 890 880 943 aamercort
904 891 1225 950 umursnumrrsr,

428 1087 488 1145 aut
510 1079 647 1147 licencia
673 1087 786 1146 nostra
807 1081 945 1147 recedet.
1008 1079 1105 1159 Quod
1139 1081 1167 1143 si
1199 1079 1322 1156 fecerit,
1345 1079 1388 1144 ad
1420 1077 1480 1142 ali-

429 1205 527 1269 quam
551 1183 792 1249 exhibitionem
820 1184 927 1249 eidem
959 1183 1100 1248 Ricardo
1123 1182 1359 1247 inveniendam
1389 1180 1481 1244 nullo

429 1285 526 1349 modo
549 1291 729 1350 teneamur.
786 1285 830 1348 Et
853 1287 881 1348 si
905 1285 992 1349 idem
1016 1284 1177 1350 Ricardus
1200 1285 1290 1348 senio
1313 1283 1479 1349 consectus

429 1386 539 1462 fuerit,
557 1388 608 1451 vel
623 1376 815 1452 infirmitate
837 1388 991 1451 detentus
1012 1386 1120 1462 suerit,
1138 1385 1226 1470 quod
1241 1385 1337 1450 nobis
1359 1385 1480 1449 servire

430 1509 496 1553 non
519 1489 650 1573 poterit,
666 1489 881 1554 nihilominus
906 1488 1045 1574 singulis
1066 1488 1182 1553 diebus
1204 1509 1302 1572 quam
1325 1486 1384 1551 diu
1406 1487 1480 1550 vix-

430 1591 502 1665 erit,
526 1590 764 1656 exhibitionem
787 1591 949 1677 percipiet
970 1591 1206 1675 supradictam.
1262 1591 1355 1655 Idem
1377 1589 1478 1654 etiam

431 1691 591 1757 Ricardus
614 1692 753 1778 singulis
775 1695 872 1758 annis
896 1693 1018 1778 quibus
1050 1693 1087 1757 in
1118 1698 1230 1758 nostro
1254 1691 1385 1758 steterit
1414 1713 1480 1756 ser-

431 1794 526 1870 vicio,
546 1795 705 1879 percipiet
727 1795 770 1859 ad
793 1795 959 1880 stipendia
981 1816 1042 1859 sua
1064 1815 1164 1858 unam
1188 1815 1296 1859 acram
1319 1793 1479 1857 frumenti

431 1901 465 1957 et
487 1895 625 1960 alteram
656 1917 778 1961 avenae.
840 1895 903 1960 Pro
926 1895 989 1962 hac
1011 1903 1123 1961 autem
1149 1895 1355 1960 exhibitione
1387 1893 1480 1958 dedit

431 1996 526 2063 nobis
556 1997 734 2081 pradictus
765 1997 927 2062 Ricardus
957 1998 1179 2082 praemanibus
1202 1997 1325 2082 viginti
1355 2017 1479 2060 marcas

431 2098 568 2182 argenti.
631 2098 675 2162 Et
712 2104 788 2184 post
819 2098 986 2165 decessum
1021 2099 1171 2185 praedicti
1209 2097 1343 2164 Ricardi
1377 2103 1481 2162 cesset

432 2200 565 2264 omnino
589 2199 752 2264 exhibitio
775 2201 940 2286 praedicta.
1000 2200 1041 2265 Iu
1064 2200 1159 2286 cujus
1182 2201 1227 2265 rei
1251 2200 1479 2265 testimonium

431 2300 493 2366 hoc
515 2302 675 2386 scriptum
699 2303 805 2366 eidem
828 2303 900 2367 fieri
923 2302 1060 2367 fecimus
1083 2303 1287 2388 bipertitum,
1304 2307 1338 2365 et
1361 2300 1477 2386 sigillis

431 2404 552 2469 nostris
568 2405 764 2468 roboratum.
811 2404 937 2469 Datum
953 2405 1043 2490 apud
1059 2405 1325 2470 Malmesburiam
1342 2403 1377 2466 in
1392 2404 1478 2487 capi-

432 2504 503 2570 tulo
534 2509 656 2580 nostro,
684 2507 719 2568 in
752 2506 836 2570 festo
872 2505 986 2571 Sancti
1019 2505 1198 2580 Michaelis,
1225 2526 1312 2570 anno
1344 2504 1478 2568 Domini

432 2624 510 2674 ucc,
533 2607 732 2693 octogesimo
755 2613 858 2673 sexto.

774 2904 853 2969 Cir.
878 2902 1137 2970 OOOOXLIIII.

433 3052 537 3118 Uario
564 3053 696 3118 Roberli
729 3054 768 3118 da
791 3053 963 3139 Hoywocle
983 3053 1081 3138 sacto
1103 3052 1216 3118 abbati
1246 3060 1275 3118 et
1302 3051 1480 3118 conventui

521 3156 774 3222 Mulmesburioa
797 3156 836 3222 de
859 3178 931 3221 uno
953 3155 1126 3241 mammio
1147 3156 1187 3221 dc
1208 3154 1295 3220 villo
1316 3156 1356 3220 de
1371 3155 1480 3241 Atyn-

522 3265 604 3322 tone.

265 3429 412 3482 uaniora
477 3408 593 3474 Sciant
625 3413 802 3493 praesentes
833 3415 868 3472 et
900 3408 1008 3472 futuri
1041 3407 1128 3492 quod
1162 3429 1221 3492 ego
1245 3405 1408 3472 Robertus
1440 3405 1480 3469 de

263 3511 419 3614 ffiffin
432 3510 605 3597 Haywode
636 3509 720 3588 dedi,
753 3511 906 3586 concessi,
937 3517 971 3574 et
1000 3509 1063 3573 hac
1095 3510 1249 3594 praesenti
1284 3515 1376 3574 carta
1408 3530 1482 3572 mea

263 3629 399 3696 Allington
431 3612 633 3687 confirmavi,
656 3613 692 3675 in
723 3632 840 3696 puram
868 3618 902 3675 ct
933 3614 1126 3696 perpetuam
1160 3610 1380 3686 elemosinam,
1410 3610 1480 3674 Deo

265 3695 355 3825 {233⁸
432 3719 467 3778 et
489 3715 632 3779 ecclesiae
657 3714 752 3778 Beati
776 3713 944 3776 Aldhelmi
967 3712 1007 3776 de
1032 3711 1273 3789 Malmesburia,
1290 3717 1324 3776 et
1347 3713 1481 3776 domino

265 3839 353 3890 fiaes.
434 3816 599 3881 Willelmo
621 3818 745 3892 abbati,
761 3823 796 3880 et
819 3815 986 3880 monachis
1012 3814 1133 3878 ibidem
1157 3815 1227 3878 Deo
1251 3815 1480 3892 servientibus,

433 3919 515 3984 illud
547 3918 759 4003 mesuagium,
791 3939 865 3982 cum
889 3915 1077 4004 cartillagio
1099 3921 1134 3980 et
1155 3916 1294 4002 gardino
1325 3917 1482 4002 praedicto

433 4023 600 4108 mesuagio
638 4020 875 4106 adjacentibus,
914 4020 1003 4104 quod
1037 4021 1201 4084 Robertus
1236 4018 1384 4084 Clericus
1421 4020 1481 4084 ali-

433 4125 565 4210 quando
583 4125 709 4188 ¹tenuit
739 4123 774 4186 in
797 4121 966 4206 Alyntone
999 4123 1040 4186 de
1062 4123 1158 4187 feodo
1189 4123 1229 4186 de
1253 4121 1479 4206 Fouleswyke.

433 4225 584 4292 Uoncessi
619 4224 719 4288 etiam
754 4222 876 4288 eisdem
907 4222 1021 4287 abbati
1045 4222 1289 4298 etconventui,
1313 4228 1482 4288 eteorum

433 4329 681 4402 successoribus,
704 4347 807 4390 unum
840 4325 1015 4410 pratellum
1042 4327 1144 4410 juxta
1167 4327 1300 4390 domum
1331 4327 1481 4410 praedicti

434 4431 580 4506 Roberti,
603 4437 637 4494 et
659 4451 759 4493 unam
783 4449 919 4513 gravam
942 4427 1044 4512 juxta
1065 4450 1191 4494 novum
1214 4429 1383 4508 fossatum,
1407 4452 1482 4515 quae

432 4555 466 4596 se
500 4532 653 4596 extendit
690 4554 788 4618 super
819 4531 958 4596 croftam
990 4529 1150 4596 Willelmi
1189 4532 1407 4618 Spakeman3
1448 4541 1483 4600 et

432 4657 536 4698 unum
551 4635 727 4721 pratellum
743 4631 1007 4720 Bynethetoune,
1018 4634 1120 4719 juxta
1139 4634 1280 4714 Fokene‚
1296 4635 1386 4702 inter
1407 4659 1484 4723 pra-

433 4743 504 4802 tum
538 4737 674 4803 Henrici
708 4736 739 4801 le
763 4735 959 4803 Conestable
991 4742 1025 4802 et
1050 4736 1216 4803 Johannis
1249 4738 1289 4805 de
1323 4739 1356 4805 la
1386 4737 1483 4826 Pley·
