3566 5820
543 881 744 934 sacurem
768 881 1092 932 umumaumausu.
1279 871 1342 932 115

288 1073 323 1134 et
345 1052 585 1136 successoribus
608 1071 677 1135 suis
700 1075 735 1135 et
757 1069 893 1138 ecclesia
916 1091 976 1136 sus
990 1071 1156 1156 praedicta
1173 1069 1341 1156 praedictis

287 1169 451 1236 Willelmo
475 1177 510 1236 et
537 1172 705 1250 Dionisiae,
721 1173 918 1258 praedictum
940 1174 1144 1260 mmuagium
1169 1195 1244 1240 cum
1266 1195 1340 1260 per·

284 1273 454 1337 tinentiis:
487 1273 677 1340 babendum
711 1279 746 1339 et
768 1276 950 1340 tenendum
973 1275 1096 1342 eisdem
1119 1275 1288 1341 Willehno
1304 1282 1339 1340 et

285 1373 444 1441 Dionisiae
466 1377 508 1442 de
538 1378 697 1463 praedicto
719 1377 839 1443 abbate
871 1383 906 1442 et
936 1371 1173 1444 successoribus
1204 1379 1337 1454 suiset

286 1477 421 1542 ecclesia
458 1500 518 1543 sua
556 1479 724 1564 praedicta‚
758 1483 831 1544 tota
868 1479 940 1546 vita
979 1480 1152 1564 utriusque
1191 1479 1337 1564 ipsorum

286 1578 444 1645 Wilielmi
461 1587 496 1646 et
522 1581 699 1646 Dionisice:
722 1581 889 1646 reddendo
913 1581 990 1646 inde
1005 1603 1063 1667 per
1086 1603 1213 1646 annum
1228 1581 1337 1646 eidem

285 1681 399 1747 abbeti
422 1688 457 1748 et
478 1682 718 1749 suecessoribus
744 1682 813 1746 suis
836 1687 871 1748 et
901 1683 1045 1750 ecclesiae
1068 1705 1137 1750 suae
1169 1683 1337 1768 praedictue

285 1805 388 1849 unum
411 1784 582 1850 denarium
605 1785 649 1850 ad
672 1784 797 1850 Pascha
820 1806 879 1871 pro
902 1786 993 1850 omni
1027 1785 1176 1860 servicio,
1200 1807 1336 1854 consue·

284 1885 399 1951 tudine
422 1892 454 1951 et
480 1887 659 1952 exactione.
707 1886 751 1952 Et
772 1885 950 1971 praedictus
965 1886 1067 1952 abbas
1090 1891 1125 1951 et
1139 1908 1336 1953 successores

285 1989 345 2064 sui,
368 1992 402 2054 et
424 1989 559 2055 ecclesia
581 2009 642 2054 sua
665 1988 830 2074 predicta,
854 1989 1132 2066 warantizabunt,
1157 1990 1336 2074 [acquieta-

285 2088 384 2174 bunt]
411 2098 446 2156 et
469 2090 647 2156 defendent
670 2089 792 2156 eisdem
816 2090 982 2156 Willelmo
1010 2097 1044 2156 et
1067 2089 1228 2166 Dionisiae
1251 2114 1336 2177 prae·

285 2191 411 2257 dictum
445 2193 650 2280 mesuagium
686 2214 760 2258 cum
792 2193 1012 2277 pertinentiis,
1042 2215 1101 2278 per
1138 2193 1335 2278 praedictum

284 2295 468 2372 servicium,
492 2300 607 2362 contra
638 2317 750 2379 omnes
782 2293 939 2370 homines,
963 2299 1036 2360 tota
1066 2295 1140 2360 vita
1162 2295 1335 2381 utriusque

283 2395 428 2481 ipsorum
446 2396 604 2462 Willelmi
628 2401 663 2462 et
685 2396 853 2462 Dionisiae.
902 2395 947 2460 Et
969 2400 1045 2481 post
1060 2396 1227 2461 decessum
1252 2397 1336 2460 utri·

284 2518 388 2582 usque
411 2497 557 2584 ipsorum
580 2497 739 2563 Willelmi
763 2503 798 2561 et
820 2497 980 2562 Dionisiae
1006 2497 1203 2582 predictum
1226 2520 1334 2563 mesu-

284 2599 395 2684 agium
411 2621 486 2666 cum
510 2600 720 2686 pertinentiis
735 2599 863 2686 integre
879 2603 1064 2662 revertetur
1079 2599 1121 2662 ed
1137 2600 1334 2684 praedictum

284 2699 436 2766 abbatem
459 2709 494 2766 et
515 2723 713 2768 successores
744 2723 829 2778 suos
861 2706 896 2764 et
927 2700 1095 2766 ecclesiam
1127 2723 1220 2766 suam
1251 2723 1335 2786 pmc-

284 2801 414 2880 dictam,
449 2804 559 2890 quiete
591 2805 631 2869 de
654 2803 831 2869 heredibus
854 2803 1087 2889 praedictorum
1112 2801 1269 2868 Willelmi
1300 2810 1334 2868 et

283 2901 442 2970 Dionisiae
465 2905 715 2991 imperpetuum.

328 3005 372 3071 Et
403 3008 572 3072 sciendum
607 3006 694 3091 quod
717 3028 784 3071 non
811 3005 926 3072 licebit
956 3006 1078 3070 eisdem
1103 3004 1268 3070 Willelmc
1300 3011 1334 3072 et

283 3107 441 3174 Dionisiae
475 3109 671 3195 predictum
702 3109 906 3194 mesuagium
938 3108 1024 3185 dare,
1058 3107 1207 3184 vendere,
1239 3108 1334 3173 inva-

282 3210 380 3290 diare,
413 3232 474 3277 nec
506 3211 618 3296 aliquo
649 3210 747 3276 modo
769 3211 834 3276 alio
870 3209 1022 3287 alienare,
1053 3230 1113 3276 nec
1143 3210 1184 3275 de
1219 3211 1333 3276 eodem

282 3319 423 3390 vastum,
457 3313 682 3378 venditionem
716 3315 770 3378 vel
810 3312 948 3377 exilium
979 3312 1094 3389 facere,
1124 3334 1191 3398 quo
1223 3315 1333 3377 minus

282 3420 357 3500 post
378 3417 546 3481 decessum
569 3417 715 3502 ipsorum
730 3415 888 3481 Willelmi
905 3421 939 3480 et
954 3414 1121 3491 Dionisiae‚
1138 3417 1333 3501 praedictum

282 3518 486 3604 mesucgn'um
501 3540 576 3584 cum
592 3518 802 3603 pertinentiis
825 3519 953 3604 integre
975 3522 1162 3583 revertatur
1185 3519 1227 3583 ad
1251 3541 1333 3605 prae·

282 3618 406 3684 dictum
429 3620 583 3686 abbatem
607 3625 641 3683 et
663 3641 861 3684 successores
892 3641 968 3683 suos
991 3625 1026 3684 et
1048 3619 1215 3685 ecelesiam
1239 3642 1333 3685 suam

281 3718 471 3804 praedictam
507 3721 618 3806 quiete
657 3721 910 3807 imperpetuum.
967 3721 1012 3784 Et
1052 3727 1210 3808 praeterea
1244 3723 1333 3788 idem

280 3821 382 3887 abbas
413 3823 537 3908 recepit
569 3822 743 3908 praedictos
775 3822 981 3887 Willelmum
1012 3828 1047 3887 et
1077 3823 1263 3889 Dionisiam
1297 3827 1334 3888 in

281 3923 419 4010 singulis
449 3923 617 3990 beneficiis
647 3930 682 3989 et
710 3925 915 3990 orationibus
948 3947 1022 4010 quae
1045 3925 1086 3991 de
1109 3931 1228 3993 caeterc
1251 3929 1334 3994 fient

279 4026 316 4089 in
338 4025 474 4093 ccclesia
495 4048 556 4092 sua
585 4028 745 4112 predicta
767 4027 1019 4113 imperpetuum.

707 4270 786 4336 One.
812 4269 904 4338 CCL.

311 4419 419 4490 Ousia
441 4423 613 4510 &radulfi
634 4423 675 4490 dc
696 4423 804 4489 Portu
827 4429 856 4487 ct
878 4422 1063 4507 Muryirioe
1086 4424 1206 4491 uxone
1230 4446 1308 4492 acccc

326 4563 441 4630 Sciant
464 4569 642 4651 praesentes
665 4571 699 4629 et
721 4564 825 4629 futuri
842 4564 930 4649 quod
953 4585 1013 4628 nos
1034 4563 1221 4629 Randulfus
1244 4566 1332 4629 filius
1347 4577 1469 4628 Grantos

273 4665 363 4732 Adae
393 4668 434 4732 de
467 4667 501 4732 la
522 4667 620 4732 Porte
651 4667 692 4731 de
719 4666 963 4744 Malmesbun'a,
991 4671 1025 4731 et
1056 4666 1219 4752 Margeria
1250 4689 1333 4732 uxor
1345 4643 1421 4758 ffi
1432 4645 1481 4760 ’ἑά

271 4787 360 4848 mea,
376 4771 542 4838 communi
564 4791 698 4836 assensu
722 4775 756 4836 et
771 4769 958 4848 voluntate,
975 4769 1161 4836 remisimus
1184 4775 1219 4834 et
1241 4771 1332 4855 quie·
1345 4777 1467 4892 {iiiiii

1129 4889 1153 4936 Η
1179 4874 1198 4936 2
1456 4873 1462 4891 '
