3578 5808
433 863 476 927 64
687 875 885 928 unersrauu
908 875 1231 929 usnurssunrnrsn.

432 1069 654 1135 Romanorum
677 1070 880 1156 pontificum,
895 1090 995 1156 supra
1009 1074 1284 1146 enumeratorum,
1300 1069 1404 1135 dictos
1427 1070 1484 1136 sb·

432 1170 543 1236 batem
566 1176 601 1237 et
623 1177 823 1238 conventum
840 1172 884 1238 ab
906 1171 1113 1258 impetitione
1129 1170 1211 1236 dicti
1225 1171 1266 1249 Jr,
1282 1171 1416 1237 rectoris
1432 1193 1481 1237 ec-

432 1272 538 1340 clesiae
553 1274 594 1339 de
610 1261 873 1360 (lred[dewelle]‚
888 1295 987 1359 super
1008 1272 1105 1339 dictis
1128 1272 1263 1338 decimis
1285 1278 1483 1360 perpetuum

432 1376 539 1442 eidem
561 1382 596 1443 et
626 1377 777 1443 omnibus
807 1376 1046 1444 successoribus
1068 1374 1136 1440 suis
1159 1374 1358 1460 imponendo
1384 1377 1481 1442 silen-

431 1479 527 1556 cium,
546 1478 583 1542 in
606 1479 738 1545 nomine
761 1478 869 1546 Patris
893 1483 928 1544 et
952 1475 1030 1542 Filii
1052 1480 1087 1542 et
1112 1474 1257 1561 Spiritus
1274 1475 1387 1543 Sancti
1411 1499 1484 1543 sen·

431 1581 614 1647 tentialiter
643 1580 852 1648 absolvimus.
899 1580 953 1644 Ad
983 1585 1050 1644 tres
1080 1578 1180 1644 etiarn
1210 1577 1366 1645 articulos
1396 1579 1485 1646 hunc

431 1689 604 1769 sequentes
619 1683 655 1747 iu
670 1683 814 1750 editione
838 1683 930 1748 litem
954 1680 1168 1748 contestando
1183 1681 1354 1768 respondit
1376 1683 1483 1749 dictus

432 1791 621 1871 procurator
636 1787 725 1871 quod
745 1787 868 1871 injuste
888 1786 974 1871 petit
990 1785 1097 1850 dictus
1112 1783 1143 1850 J.
1160 1789 1266 1850 rector
1281 1783 1423 1851 decimas
1438 1787 1482 1851 ix.

431 1887 605 1972 hydarum,
620 1908 702 1972 quas
716 1887 818 1952 abbas
834 1892 869 1953 et
882 1892 1065 1953 conventus
1087 1890 1204 1950 tenent
1219 1886 1254 1950 in
1270 1885 1433 1952 dominico
1448 1889 1484 1952 in

399 2015 405 2025 ·
433 1991 513 2056 villa
528 1991 568 2056 de
584 1990 856 2076 Ored[dewelle];
879 1995 913 2055 et
935 1989 1036 2056 stiam
1055 1989 1197 2054 decimas
1211 1988 1294 2054 freni
1316 1989 1357 2054 de
1379 1991 1482 2055 domi-

432 2094 506 2160 nico
522 2114 588 2159 suo.
620 2092 749 2180 Injuste
764 2091 865 2158 etiam
879 2092 967 2177 petit
981 2090 1141 2157 decimam
1156 2090 1326 2156 novalium
1341 2112 1482 2170 suorum,

433 2220 508 2264 cum
542 2199 587 2262 sit
612 2198 810 2264 monasterio
842 2196 883 2261 de
907 2194 1142 2260 Malmesburia
1164 2193 1332 2259 indultum
1355 2216 1376 2260 a
1406 2197 1483 2261 sede

432 2300 681 2385 apostolicam
712 2322 772 2366 neo
798 2299 839 2364 de
871 2297 1044 2374 dominico,
1075 2317 1136 2362 nec
1158 2297 1199 2360 ds
1221 2297 1286 2360 hiis
1313 2318 1386 2381 quae
1409 2319 1483 2382 pro·

431 2399 514 2486 priis
536 2401 723 2484 sumptibus
745 2400 906 2478 excolunt,
929 2397 982 2464 vel
1005 2397 1045 2463 de
1068 2398 1241 2465 novalibus
1262 2419 1374 2464 eorum
1398 2400 1482 2467 deci·

433 2523 503 2568 mas
528 2502 723 2588 persolvant.

831 2665 910 2732 (lar.
934 2663 1088 2732 CCVIII.

705 2793 882 2884 Difficilis
905 2816 1014 2862 cuasa
1032 2794 1212 2883 proedicto.

266 2925 420 2979 Concludon
479 2924 549 2992 Nos
571 2923 674 3012 igitur
696 2922 761 2988 hiis
783 2923 940 3010 inspectis
962 2922 1146 3009 privilegiis
1171 2921 1299 2990 eosdem
1322 2923 1484 2990 immunes

266 2994 353 3113 ἓξὲξ
432 3051 453 3096 a
477 3026 690 3116 praestatione
720 3025 883 3092 dictarum
915 3024 1114 3092 decimarum
1142 3047 1211 3092 esse
1245 3027 1485 3113 perpendimus

433 3132 521 3199 unde
544 3131 674 3198 eosdem
696 3151 718 3196 a
738 3129 950 3216 praestatione
972 3127 1152 3194 eaumdem
1171 3128 1413 3194 sententialiter
1427 3129 1484 3195 ab·

433 3234 599 3313 solvimus,
623 3240 819 3321 perpetuum
851 3232 956 3298 eidem
985 3237 1019 3297 et
1049 3232 1287 3299 successoribus
1309 3231 1378 3297 suis
1408 3253 1484 3299 auc·

432 3338 569 3404 toritnte
591 3335 779 3423 apostolica,
795 3355 862 3420 qua
884 3333 1063 3421 fungimur,
1084 3334 1284 3422 imponendo
1304 3335 1482 3400 silencium.

432 3441 519 3506 Item
549 3459 624 3505 cum
655 3442 783 3523 peteret
805 3437 913 3503 dictus
933 3436 963 3502 J.
988 3439 1103 3517 rector,
1126 3437 1162 3500 in
1187 3436 1319 3502 nomine
1342 3437 1484 3504 ecclesiae

433 3546 473 3610 de
505 3541 812 3628 Cred[dewelle]‚a
842 3540 940 3606 dictis
970 3540 1091 3606 abbate
1121 3544 1156 3605 et
1186 3545 1352 3606 conventu
1383 3562 1484 3606 unam

433 3647 598 3733 virgatam
621 3649 720 3710 terreo
737 3644 779 3709 ad
803 3642 970 3709 ecclesiam
986 3642 1027 3708 de
1043 3641 1294 3728 Gred[dewelle]
1317 3643 1484 3729 pertinen-

432 3754 510 3827 tem,
542 3749 578 3813 in
609 3747 703 3834 cujus
734 3746 935 3832 possessione
970 3745 1144 3811 exstiterat
1186 3744 1297 3831 aliquo
1339 3751 1484 3832 tempore

435 3855 525 3921 dicta
550 3854 693 3930 ecclesia,
709 3857 748 3917 ut
783 3852 877 3918 dixit.
904 3850 1056 3916 'Peteret
1083 3851 1183 3916 etiam
1209 3851 1424 3917 obventiones
1451 3860 1486 3919 et

436 3955 618 4023 oblationes
638 3957 674 4020 in
697 3953 823 4040 capella
842 3951 956 4019 Sancti
972 3953 1143 4019 Laurentii
1166 3952 1207 4018 de
1225 3951 1484 4041 Ored[dewelle]‚

436 4061 479 4126 ad
513 4059 682 4128 ecclesiam
708 4057 749 4123 de
781 4053 981 4121 Oredewelle
1016 4056 1056 4121 de
1089 4056 1166 4142 jure
1203 4055 1417 4142 pertinentes,
1446 4063 1485 4123 ut

434 4163 529 4230 dixit.
571 4162 703 4228 Peteret
727 4160 827 4226 etiam
847 4159 1026 4225 secundum
1041 4159 1158 4225 melius
1173 4159 1322 4224 averium
1338 4161 1484 4226 omnium

435 4267 665 4334 decedentium
688 4263 962 4352 parochianorum
986 4261 1026 4328 de
1051 4261 1310 4349 Ored[dewelle],
1334 4264 1370 4328 in
1393 4265 1486 4351 cujus

436 4370 538 4435 etiam
583 4366 785 4455 possessione
831 4365 1007 4432 exstiterat
1050 4364 1161 4452 aliquo
1206 4368 1353 4452 tempore
1399 4365 1487 4433 diota

436 4470 579 4550 ecclesia,
606 4474 646 4535 ut
670 4469 764 4536 dixit.
812 4467 886 4534 Lite
911 4465 1096 4554 superbiis
1119 4467 1270 4533 omnibus
1293 4473 1485 4549 contestata,

436 4573 580 4640 testibus
618 4572 789 4662 utriusque
835 4571 963 4658 partis1
1000 4571 1169 4658 productis
1209 4575 1244 4635 et
1282 4572 1486 4651 examinatis,

437 4675 613 4763 publicatis
647 4675 924 4752 attestationibus,
948 4678 983 4738 et
1014 4673 1137 4740 auditis
1170 4671 1426 4740 confessionibus
1452 4679 1487 4740 et

836 4828 844 4860 ¹
860 4827 987 4894 portibus,
999 4827 1025 4876 in
1037 4827 1093 4878 MS.
