3524 5808
467 857 532 922 348
722 869 920 921 nuossrnms
942 869 1264 921 Manumuunmnsn.

467 1060 561 1142 prato
584 1077 643 1123 suo
666 1057 706 1122 da
730 1055 766 1122 lo
780 1056 929 1135 Iomeda,
945 1055 1100 1123 videlieet
1123 1055 1349 1143 Inngeoroffte
1372 1061 1408 1122 et
1430 1055 1520 1120 Mor-

466 1159 559 1236 done,
594 1179 697 1244 usque
729 1157 773 1223 ad
802 1157 940 1224 crustum
962 1157 1104 1224 Amaldi
1134 1157 1176 1222 de
1205 1157 1239 1223 le
1261 1156 1375 1234 Funde,
1397 1157 1520 1223 fossato

467 1259 608 1325 inclusus
631 1277 746 1324 versus
767 1257 858 1326 viam
881 1259 1024 1347 regalem
1047 1258 1138 1325 omni
1160 1263 1307 1344 tempore
1329 1258 1417 1324 anni.
1465 1257 1521 1324 Ita

466 1366 578 1425 tamen
601 1361 689 1446 quod
721 1361 898 1446 prediatus
920 1359 1091 1427 dohannea
1113 1365 1148 1426 et
1184 1358 1320 1426 heredes
1342 1360 1394 1425 sui
1417 1359 1519 1426 talem

465 1463 612 1530 elamum
650 1461 775 1529 faciant
810 1485 870 1550 per
898 1464 970 1530 vius
1007 1461 1132 1551 rogales
1170 1483 1284 1529 versus
1322 1462 1518 1549 praedietum

465 1567 691 1632 molendinum
730 1571 766 1632 et
799 1565 966 1646 Mordons,
989 1585 1094 1654 usqua
1125 1567 1169 1634 ad
1199 1567 1340 1634 oroftam
1376 1567 1519 1634 Arnaldi

465 1669 506 1735 de
537 1669 571 1734 la
602 1669 716 1747 Forde,
740 1669 828 1754 quod
859 1669 1011 1756 praedicti
1044 1669 1146 1736 abbas
1180 1673 1215 1736 et
1244 1673 1434 1749 conventus,
1457 1691 1518 1736 neo

465 1791 662 1838 auooessores
686 1771 747 1849 sui,
770 1789 831 1838 neo
853 1772 955 1839 etiam
984 1771 1135 1838 homines
1168 1773 1222 1837 sui
1244 1769 1379 1859 aliquod
1401 1772 1516 1858 damp-

464 1896 546 1940 num
578 1875 723 1941 haboant
754 1875 808 1940 vel
851 1875 1024 1942 incurrunt
1071 1895 1132 1963 pro
1175 1875 1305 1942 defertu
1338 1875 1514 1943 caunum

464 1999 539 2043 suae.
597 1977 642 2042 Et
673 1978 709 2042 in
739 1977 840 2064 hujus
872 1977 1089 2045 ennoeasionis
1111 1977 1346 2056 testimonium,
1369 1982 1404 2044 et
1426 1979 1517 2064 panis

463 2085 631 2166 perpetum
653 2079 927 2159 reformationem,
943 2081 1007 2148 hoo
1028 2080 1188 2167 seriptum
1211 2081 1407 2167 bipertitum
1429 2081 1519 2146 inter

462 2187 575 2267 partes
609 2186 661 2247 est
691 2181 884 2261 confestum,
917 2185 953 2248 et
983 2181 1101 2268 sigillis
1133 2182 1202 2248 auia
1234 2183 1425 2249 alternatim
1459 2203 1518 2269 ep-

461 2283 572 2369 pensis
609 2285 807 2351 roboretum.
869 2283 947 2350 Hiis
985 2285 1126 2351 testibus
1138 2309 1146 2366 ;
1184 2285 1326 2350 dominis
1362 2285 1517 2352 Johanne

462 2386 629 2452 Mauduht
666 2392 701 2453 at
739 2387 888 2454 Galfrido
922 2388 963 2453 de
997 2388 1127 2467 Morlee,
1155 2389 1336 2470 militibus;
1372 2388 1516 2456 Rioardo

461 2491 502 2556 de
537 2491 739 2578 Dauntesey,
771 2491 924 2558 Johanne
958 2491 999 2557 de
1034 2491 1143 2580 Segne,
1167 2492 1275 2558 Adam
1314 2497 1349 2557 et
1385 2491 1515 2580 Rogero

461 2593 502 2657 do
525 2593 730 2672 Oberletone‚
755 2593 900 2660 Henrieo
922 2593 953 2661 le
977 2593 1097 2672 Blund,
1120 2593 1262 2660 Rioerdo
1281 2593 1396 2660 Ponet
1418 2595 1460 2661 de
1481 2595 1516 2661 la

460 2693 534 2773 Lae,
557 2695 705 2764 Walters
728 2698 769 2763 de
792 2697 965 2775 Bathonia,
989 2701 1024 2762 et
1045 2695 1160 2763 multis
1183 2695 1263 2762 aliis.

817 2995 896 3064 Gur.
921 2991 1160 3062 OOOOLVIII.

475 3163 598 3250 Quieta
619 3159 811 3232 amanto
832 3159 964 3228 abbatis
986 3167 1017 3228 et
1039 3167 1222 3228 tenuamus
1247 3157 1433 3230 sturmio
1455 3163 1495 3230 da

680 3263 816 3332 daubus
837 3262 953 3350 orofta‘s
969 3261 1074 3350 juata
1096 3262 1277 3350 Hayooae.

373 3457 441 3510 soor
504 3431 667 3499 Omnibus
691 3427 816 3498 Christi
851 3425 1005 3494 fidelibus
1027 3431 1206 3514 praeseutes
1229 3425 1390 3495 litteras
1380 3449 1507 3517 mspee·

289 3453 408 3590 llis}
459 3537 552 3615 turis,
585 3533 755 3602 dohannes
777 3529 990 3650 permissione
1029 3529 1144 3597 divina
1181 3529 1282 3596 abbas
1318 3529 1509 3613 Glastoniae,

222 3615 227 3624 =
286 3590 331 3640 the
343 3593 420 3642 abbot

287 3655 389 3710 orales
364 3666 435 3775 ιοιοιι
436 3640 600 3706 salutem
637 3643 796 3704 aeternam
839 3635 876 3700 in
913 3633 1065 3701 Domino.
1127 3631 1212 3699 Cum
1250 3633 1437 3701 Willelmus
1475 3637 1509 3703 la

286 3724 330 3839 {he
323 3731 423 3857 ‘ysne
458 3743 579 3831 Wayte
613 3743 654 3808 de
690 3737 897 3828 Ohippeham
930 3741 965 3804 et
950 3735 1123 3804 tEditba
1154 3757 1239 3803 uxor
1269 3737 1350 3825 ejus,
1378 3739 1508 3806 dilectis

286 3856 390 3906 ormu-
458 3845 599 3913 nobis
590 3867 626 3908 m
666 3841 798 3910 Christo
831 3841 993 3908 fratribus
1024 3837 1139 3906 abbati
1177 3843 1212 3904 et
1249 3842 1428 3907 conventui
1465 3843 1508 3909 de

285 3926 404 4040 ffl'uss
459 3945 700 4026 ldalmesburia,
723 3945 806 4013 duas
837 3943 960 4012 multas
994 3947 1090 4009 terrae
1124 3941 1165 4007 de
1199 3939 1295 4009 feodo
1326 3947 1482 4010 nostro'
1471 3969 1509 4010 m

285 4004 389 4122 ltmeoy
457 4049 617 4138 Kyntone
641 4069 714 4135 quae
740 4051 876 4115 vocatur
908 4041 1182 4132 Sebenneeroltes,
1201 4043 1304 4130 juxta
1326 4043 1509 4131 Haywode,

284 4125 391 4240 Ξζὴκά
457 4153 493 4218 in
536 4157 629 4240 parte
664 4148 858 4217 occidentali
890 4145 979 4212 inter
1016 4147 1123 4232 ipsum
1166 4165 1283 4210 nemus
1318 4149 1353 4212 et
1384 4151 1506 4213 terram

283 4256 319 4320 bt
332 4257 392 4308 Wm
394 4259 437 4309 .01
423 4275 531 4342 equae
566 4253 632 4318 luit
663 4249 835 4338 Hawysiae
870 4251 912 4316 de
936 4245 1107 4314 Bolehude
1146 4245 1308 4330 dederint,
1345 4251 1379 4314 et
1416 4255 1509 4316 earta

282 4321 333 4374 wa
317 4330 383 4386 ryte.

282 4411 364 4464 m
374 4414 396 4464 ὁ
455 4379 515 4425 sua
537 4378 597 4444 pro
619 4377 654 4422 sa
688 4359 723 4420 et
744 4352 920 4419 heredibus
953 4351 1021 4417 suis
1053 4347 1354 4418 confirmaverint'
1343 4371 1506 4439 1mperpe-

452 4467 570 4542 tuum;
599 4458 749 4525 nolentes
782 4454 955 4543 praediotos
988 4451 1142 4519 abbatem
1165 4457 1200 4518 et
1222 4457 1365 4519 eonvent
1366 4475 1423 4522 um
1446 4477 1508 4542 pro

449 4565 670 4652 adquisitione
693 4560 925 4648 praedictarum
948 4557 1128 4624 oroltamm
1144 4557 1273 4623 ratione
1296 4559 1417 4624 statuti
1448 4559 1507 4626 do-

448 4669 531 4736 mini
553 4666 639 4755 regis
662 4661 804 4752 gravari,
827 4684 885 4728 seu
908 4683 968 4748 per
990 4681 1051 4726 nos
1073 4659 1129 4726 vel
1151 4681 1352 4728 successores
1375 4667 1507 4729 nostros

446 4771 580 4858 aliquod
622 4785 802 4857 gravamen
833 4763 974 4846 inferri;
1018 4767 1136 4831 notum
1176 4761 1315 4831 lauimus
1349 4763 1505 4832 omnibns
