3578 5808
551 913 750 968 nnersrnun
774 913 1098 966 nmnnsaunmnsn
1312 901 1354 962 43

297 1105 388 1171 salvo
404 1103 507 1190 regali
530 1103 676 1180 servicio,
700 1103 787 1169 sieut
809 1108 900 1168 carta
915 1102 1019 1188 ipsius
1035 1099 1169 1165 Radulfi
1193 1105 1354 1178 testatur;

301 1229 399 1293 quam
422 1229 496 1273 eum
521 1207 612 1272 dicta
634 1212 724 1271 terra
746 1228 828 1282 mea,
850 1206 888 1269 in
922 1205 1021 1291 plena
1044 1204 1136 1269 curia
1158 1203 1288 1268 abbatis
1312 1203 1352 1266 de

303 1310 542 1386 Malmesburia
565 1309 662 1375 dieta
686 1309 829 1375 eeclesiae
851 1308 1025 1394 resignavi.
1073 1307 1117 1372 Et
1132 1311 1171 1370 ut
1187 1305 1257 1370 haec
1280 1326 1353 1370 mea

299 1413 432 1478 donatio
455 1417 528 1476 rata
550 1412 603 1487 sit,
627 1417 661 1475 et
684 1411 927 1496 imperpetuum
950 1409 1088 1484 stabilis,
1112 1409 1197 1473 hano
1228 1412 1353 1472 eartam

298 1516 440 1580 eeclesiae
463 1515 504 1580 de
529 1513 761 1578 Malmesburia
775 1513 846 1590 feci,
863 1518 898 1577 et
920 1511 1065 1597 sigillum
1081 1533 1191 1574 meum
1206 1509 1353 1595 apposui.

299 1617 376 1682 Hiis
399 1617 551 1694 testibus,
575 1621 637 1681 ete.

666 1915 746 1986 CAP.
771 1919 985 1986 CLXXXVI.

336 2110 384 2177 De
406 2119 498 2178 terra
520 2133 626 2198 quant
648 2111 741 2196 Sewy
765 2109 939 2176 Taadoaat
961 2109 1073 2175 tenuit
1095 2109 1138 2176 ‘ia
1162 2109 1307 2195 Ototteye.

344 2291 459 2358 Sciant
480 2297 657 2378 praesentes
681 2297 715 2356 et
737 2290 844 2355 futuri
867 2290 955 2376 quod
986 2311 1046 2377 ego
1069 2289 1240 2368 Radulfus,
1264 2291 1352 2356 viea·
1365 2295 1455 2346 Orthe

300 2393 367 2457 nus
383 2393 423 2459 aa
440 2393 686 2470 fluentant,
701 2393 790 2456 finus
814 2392 935 2479 rogen
951 2393 992 2458 ae
1012 2392 1251 2478 ereapweuep
1275 2393 1351 2458 deu
1364 2377 1442 2413 ΜΘ·

300 2500 334 2558 et
356 2496 506 2572 eoneesai
530 2501 565 2561 et
586 2494 648 2560 hae
671 2495 826 2580 praesenti
849 2500 940 2559 carta
962 2495 1163 2572 confirmari,
1187 2495 1353 2560 Willelme

300 2595 396 2662 fratri
422 2617 506 2674 mee,
529 2619 588 2684 pro
611 2597 750 2662 servicio
773 2600 809 2660 et
831 2595 987 2682 homagio
1010 2618 1077 2672 suu,
1101 2601 1206 2662 tetam
1230 2602 1382 2662 terramf.
1399 2615 1453 2660 raa.

301 2724 399 2788 quam
422 2703 522 2788 Sewy
544 2703 721 2768 Tawedust
752 2703 862 2767 tenuit
896 2703 933 2765 in
966 2702 1122 2790 Olotlege,
1145 2725 1219 2769 eum
1251 2703 1352 2788 perti-

301 2807 423 2871 nentiis
445 2807 523 2882 auia,
548 2814 583 2871 et
617 2829 720 2870 unum
755 2805 982 2870 lundinarium
1015 2811 1119 2884 terrae,
1145 2807 1232 2891 quod
1262 2806 1353 2890 jacet

302 2913 414 2973 contra
448 2909 584 2973 domum
622 2907 756 2972 Radulfi
797 2907 987 2986 Aldennan,
1027 2930 1101 2973 eum
1141 2909 1352 2994 pertinentiis

302 3011 377 3086 suia,
401 3017 436 3076 et
457 3032 559 3074 unam
583 3032 691 3076 aeram
715 3009 802 3094 prati
830 3010 866 3073 in
890 3008 1094 3086 Oredemore,
1112 3031 1185 3095 quae
1208 3010 1353 3095 pertinet

301 3112 342 3176 ad
366 3121 485 3178 terram
510 3135 616 3178 meam
639 3113 674 3176 in
709 3112 966 3198 Tederingdone,
990 3135 1089 3197 quam
1114 3119 1208 3177 teneo
1232 3113 1271 3176 de
1294 3112 1353 3196 do,-

301 3213 409 3279 hanne
433 3215 547 3280 Seotto
570 3219 604 3279 et
627 3214 843 3300 participibus
874 3215 951 3290 auia,
975 3214 1159 3279 habendam
1182 3220 1217 3278 et
1239 3221 1352 3279 tenen-

302 3316 376 3382 dam
400 3316 440 3382 de
463 3339 516 3382 me
539 3322 574 3382 et
588 3317 765 3382 heredibus
787 3317 876 3392 meia,
899 3317 969 3402 ipse
993 3323 1027 3380 et
1049 3316 1184 3382 heredes
1207 3316 1279 3381 sni¹
1301 3317 1354 3382 vel

301 3420 353 3484 eui
375 3421 542 3505 assignare
566 3419 717 3498 voluerit,
741 3419 823 3484 bene
855 3427 889 3484 et
922 3419 958 3482 in
990 3441 1077 3504 paee,
1110 3419 1285 3484 honorifice
1319 3425 1353 3484 et

297 3521 436 3608 integre,
458 3521 560 3586 libere
584 3526 618 3586 et
641 3522 759 3606 quiete,
784 3521 948 3586 reddendo
972 3521 1048 3585 inde
1071 3523 1243 3587 annuatim
1260 3523 1350 3599 mihi,

298 3630 333 3688 et
366 3623 542 3690 heredibus
575 3625 664 3700 meiS,
699 3625 768 3709 ipse
800 3631 835 3689 et
864 3624 998 3690 heredes
1021 3625 1073 3688 aui
1107 3625 1160 3690 vel
1192 3626 1351 3711 assignati

298 3727 360 3802 sui,
384 3726 467 3790 duos
497 3726 649 3791 denarios
673 3726 712 3798 de
736 3725 1003 3803 hundredaetuer,
1025 3727 1068 3791 ad
1091 3728 1212 3792 festum
1236 3727 1351 3793 Sancti

298 3829 452 3904 Andreae,
474 3841 509 3894 et
533 3849 636 3893 unum
660 3827 832 3893 denarium
866 3827 963 3893 Beati
994 3826 1086 3893 Petri
1114 3829 1155 3893 ed
1189 3825 1351 3904 Vincula„l

297 3953 359 4017 pro
381 3932 472 3996 omni
495 3930 632 3996 servicio
655 3936 689 3994 et
712 3930 875 3995 demanda
896 3929 939 3996 ad
963 3952 1015 3995 me
1030 3930 1084 3996 vel
1106 3929 1240 3997 heredes
1263 3953 1351 3996 meos

297 4036 507 4122 pertinente;
537 4034 629 4100 salvo
652 4033 754 4119 regali
786 4033 923 4099 servicio
947 4040 1109 4119 quantum
1144 4035 1288 4120 pertinet
1310 4033 1353 4099 ad

298 4159 401 4203 unam
426 4137 589 4223 virgatam
613 4129 716 4202 terrae.
764 4135 834 4221 Ego
852 4157 928 4201 vero
951 4141 985 4200 et
1007 4135 1143 4202 heredes
1166 4137 1231 4201 mei
1248 4142 1352 4202 totam

296 4239 491 4327 praedictam
514 4245 644 4315 terram,
667 4259 741 4304 eum
764 4238 1002 4324 praenominato
1026 4245 1128 4324 prate,
1152 4239 1240 4305 dieto
1272 4239 1352 4304 Wil-

297 4342 397 4407 lelmo
420 4349 456 4406 et
486 4340 662 4406 heredibus
694 4340 749 4404 vel
780 4339 956 4426 assignatis
990 4341 1067 4416 suia,
1091 4347 1206 4406 eontra
1239 4363 1352 4407 omnes

296 4444 449 4508 homines
473 4449 507 4508 et
530 4443 677 4518 feminae,
702 4442 916 4507 warantizare
939 4443 1103 4508 debemus.
1151 4443 1195 4508 Et
1217 4445 1244 4508 ai
1268 4445 1352 4510 forte

297 4546 476 4631 eontigerit
499 4545 586 4630 quod
609 4545 805 4630 praedictum
829 4551 961 4630 pratum
996 4546 1154 4631 praedicto
1187 4546 1353 4612 Willelmo

296 4647 354 4711 vel
376 4647 551 4712 heredibus
574 4647 651 4722 auia,
675 4646 728 4711 vel
751 4646 926 4732 assignatis
949 4647 1024 4725 auia,
1048 4649 1263 4713 warantizare
1286 4671 1353 4714 non

299 4784 623 4794 -.--.-.----.--
644 4785 791 4792 ...-.....-...-.
824 4787 829 4790 .
842 4785 1019 4792 -.---..--.-.-—
1031 4783 1351 4796 ..—-.--.-...„..--.-..

788 4845 796 4878 ¹
815 4843 866 4896 sie.
