3526 5810
530 874 731 925 nnmsunuu
754 875 1079 926 unnunsnunmusn
1268 867 1333 930 295

277 1058 469 1127 hominibus
483 1064 607 1130 nostiis
630 1063 724 1129 illum
740 1063 915 1140 neoniam,
931 1084 1030 1149 quam
1047 1063 1205 1150 praediotu
1220 1063 1328 1129 Alicio

276 1161 311 1228 16
332 1162 493 1230 Poumero
524 1165 565 1230 do
587 1165 684 1231 nobis
717 1167 835 1244 tenuit,
858 1166 894 1230 in
924 1166 1126 1232 osoombium
1157 1165 1328 1231 duodecim

278 1285 427 1330 nonarum
450 1288 532 1351 quun
563 1267 715 1353 praedicti
738 1267 839 1334 abbas
870 1273 906 1333 et
926 1272 1109 1334 convontus
1139 1267 1330 1333 habuerunt

278 1365 315 1429 in
337 1367 461 1452 campis
483 1368 525 1433 do
548 1367 741 1454 Alyntono;
765 1391 906 1454 quorum
929 1391 997 1435 uno
1018 1389 1094 1436 nora
1111 1369 1202 1454 juoot
1231 1389 1329 1453 super

279 1467 315 1532 lo
345 1467 480 1547 Ι6166166,
503 1492 571 1535 unu
599 1492 676 1538 nora
707 1476 848 1538 vocatur
878 1471 1102 1548 monestere,
1135 1470 1209 1536 duae
1243 1491 1326 1536 aorae

272 1571 375 1656 juxta
397 1572 434 1638 la
455 1572 608 1659 Mortuo
629 1574 667 1638 in
688 1578 830 1660 utroquo
851 1579 955 1660 parte,
984 1578 1050 1638 tros
1077 1574 1210 1659 pertioae
1230 1571 1330 1659 juxta

277 1671 314 1738 lo
341 1673 512 1754 Verulole,
535 1697 604 1742 una
633 1677 759 1762 portion
784 1677 885 1762 juxto
915 1676 952 1742 16
977 1673 1226 1760 1166666666
1255 1697 1331 1741 ooru

278 1779 313 1840 et
335 1776 474 1844 dimidio
503 1800 602 1865 super
624 1780 826 1866 Borforlong‚
850 1778 989 1845 dimidia
1015 1799 1091 1844 nora
1112 1777 1215 1865 juxto
1237 1778 1327 1842 viam

280 1877 465 1957 Bothoniae,
496 1903 565 1946 unu
597 1903 675 1948 nom
711 1903 812 1968 super
845 1880 882 1946 16
919 1878 1113 1965 Wetemofte,
1147 1901 1215 1943 unu
1250 1900 1327 1944 acra

276 1999 375 2064 super
408 1980 444 2046 16
478 1982 651 2061 Vemtliulo,
682 2005 750 2049 una
781 2004 856 2050 noro
890 2003 989 2068 super
1020 1981 1111 2046 viam
1146 1981 1328 2058 Bothoniae,

279 2080 353 2146 duae
375 2103 460 2148 norae
482 2106 580 2170 super
602 2084 638 2149 lo
668 2085 774 2152 Hullo
804 2086 840 2150 in
871 2090 966 2174 parto
988 2082 1142 2150 orientali
1165 2083 1255 2150 villae
1287 2085 1328 2150 (16

277 2182 456 2267 Alyntono.
517 2185 745 2253 Gonoessimus
776 2187 878 2253 etium
901 2187 1024 2252 eisdem
1047 2185 1163 2252 abbati
1193 2191 1227 2250 ot
1252 2207 1327 2252 oon-

276 2285 393 2349 vontui
408 2290 442 2351 ot
457 2309 569 2354 eorum
589 2290 836 2368 suecessoribus,
852 2311 911 2376 pro
926 2287 1021 2353 nobis
1037 2295 1071 2353 ot
1092 2287 1328 2353 suecessoribus

276 2387 406 2468 nostrin,
423 2390 511 2474 quod
534 2390 599 2477 ipsi
621 2389 723 2457 abbas
746 2396 780 2456 et
802 2395 995 2482 conventum
1011 2394 1045 2454 ot
1067 2411 1180 2454 eorum
1203 2411 1327 2456 666666-

277 2512 372 2569 somn,
395 2490 597 2558 habeantet
620 2497 758 2558 teneant
783 2492 918 2580 pacifico
948 2492 1192 2578 imperpetuum
1222 2491 1327 2558 torrae

277 2614 390 2659 omnes
428 2594 515 2680 ipsos
552 2593 709 2662 abbatom
743 2599 778 2660 et
815 2605 1024 2670 conventum,
1058 2599 1129 2658 tom
1160 2594 1202 2659 do
1239 2600 1327 2660 sorte

277 2700 391 2762 nostra
423 2718 524 2781 quum
559 2697 599 2762 do
634 2702 721 2763 sorte
759 2696 934 2762 hominum
971 2701 1168 2774 nostrorum,
1198 2699 1327 2762 eontin-

276 2802 392 2884 gontes
421 2798 458 2861 in
484 2797 521 2862 lo
542 2797 755 2876 Rowentoono,
778 2799 815 2863 in
836 2804 933 2885 parto
954 2797 1151 2880 australiet
1173 2799 1325 2866 ou’entnli

277 2902 318 2967 do
342 2900 378 2965 lo
402 2898 584 2986 Grofooufle
606 2902 646 2967 do
669 2901 898 2988 Fouloswyko‚
922 2906 957 2965 ot
986 2901 1074 2987 ipsas
1105 2906 1209 2967 terras
1239 2903 1327 2968 olau-
1386 2926 1393 2941 ·
1488 2931 1495 2945 ·

278 3004 361 3070 dont
383 3007 417 3068 et
439 3003 476 3068 in
499 3003 632 3070 defenso
655 3009 793 3072 teneant
822 3025 889 3070 unu
911 3024 987 3070 oum
1009 3003 1142 3070 brechia
1172 3004 1231 3072 1116
1253 3027 1327 3091 quae

277 3105 344 3170 fuit
374 3105 541 3192 praediotae
573 3106 689 3173 Alioiae
720 3107 754 3172 ln
785 3105 945 3173 Poumero
977 3106 1017 3170 de
1049 3105 1228 3191 Alyntono‚
1252 3129 1327 3174 eum

278 3207 430 3274 omnibus
454 3207 626 3274 <lominicis
656 3209 753 3274 terris
784 3208 1016 3295 praedictorum
1040 3207 1170 3274 obbatis
1193 3214 1326 3276 61666-

277 3315 398 3376 vontus
421 3309 527 3375 eidem
550 3309 692 3376 breohiae
723 3295 960 3397 ndjaoontibun
983 3331 1058 3376 cum
1088 3331 1156 3377 una
1185 3333 1261 3378 noro
1291 3318 1325 3379 et

276 3433 344 3479 uno
365 3411 488 3478 fossato
510 3417 618 3479 emoto
641 3412 682 3478 do
705 3417 793 3479 torro
816 3411 952 3478 Thomae
972 3412 1004 3478 16
1028 3412 1177 3494 Poumer,
1199 3414 1243 3480 ab
1265 3435 1325 3480 nn·

277 3515 356 3601 gulo
377 3513 563 3600 aquilonari
589 3513 705 3580 oroftae
727 3515 769 3580 do
792 3513 1012 3598 Fouloswyko
1042 3535 1117 3599 quae
1139 3515 1328 3601 appellatur

281 3617 311 3683 lo
332 3615 467 3692 16166166,
482 3616 609 3681 directe
631 3637 735 3701 usque
758 3616 801 3680 ad
827 3616 994 3702 spinetum
1019 3615 1058 3680 do
1081 3613 1236 3695 Yattono,
1259 3639 1328 3684 uno

278 3740 353 3786 oum
375 3717 443 3782 illis
465 3717 573 3784 tribus
596 3717 679 3784 noris
702 3723 799 3784 terroe
825 3722 860 3784 ot
881 3717 1021 3783 dimidio
1051 3718 1094 3782 ad
1126 3723 1256 3804 portam
1287 3720 1327 3786 de

279 3819 500 3906 Fouloswyke
531 3839 629 3905 super
652 3819 688 3885 16
709 3819 855 3896 Bouron
879 3839 947 3884 uno
976 3839 1052 3885 oum
1074 3819 1173 3908 longo
1195 3821 1327 3888 brechia

278 3945 352 4011 quae
391 3945 425 3988 se
462 3921 615 3989 extendit
662 3943 683 3987 6
720 3926 827 3988 strato
863 3921 997 4008 publico
1029 3943 1104 4008 quae
1141 3924 1327 4009 appellatur

277 4025 474 4111 Buthowoy‚
508 4024 634 4092 directo
664 4045 770 4110 usquo
799 4024 843 4090 ad
873 4023 992 4090 silvam
1016 4023 1154 4090 Roberti
1185 4026 1327 4112 Kaynel‚
1413 4015 1415 4022 ’

276 4127 365 4193 inter
402 4125 571 4193 breohinm
609 4123 771 4191 Willolmi
808 4124 984 4191 Leoistono
1022 4130 1057 4191 et
1092 4126 1257 4193 Johunnis
1294 4129 1324 4193 16

278 4231 390 4316 Kyng,
413 4228 449 4292 in
478 4233 573 4314 pnite
603 4227 751 4308 australi,
776 4231 810 4292 et
832 4227 954 4294 croftas
986 4227 1067 4293 Evae
1097 4228 1138 4294 de
1165 4229 1198 4294 16
1220 4229 1326 4295 Meroe

277 4333 314 4397 in
344 4335 441 4416 parto
471 4329 665 4415 aquilonari.
727 4328 965 4396 salvatamen
995 4328 1075 4396 Evae
1103 4331 1143 4396 do
1165 4331 1199 4397 16
1220 4331 1326 4398 Meme

277 4433 391 4501 ohaoia
413 4453 513 4522 quum
536 4432 658 4499 habore
681 4432 857 4499 consuevit
878 4432 915 4496 in
937 4431 1052 4498 endem
1073 4432 1173 4520 longa
1194 4434 1326 4500 brechio

277 4557 392 4602 vorsus
430 4536 551 4602 croftas
588 4555 665 4602 suus
703 4536 739 4601 in
776 4540 871 4622 purte
906 4533 1101 4602 oooidentuli
1136 4557 1247 4623 gmvae
1285 4537 1326 4602 do

280 4637 510 4724 Fouleowyke.
577 4637 635 4704 Ito
657 4642 770 4704 tamen
792 4637 881 4724 quod
910 4659 978 4726 prae
1000 4637 1131 4704 defectu
1152 4637 1328 4704 clausturae

275 4763 353 4814 sum,
376 4740 490 4808 ovorio
510 4745 632 4814 nostru
647 4761 706 4808 666
727 4739 899 4809 hominum
914 4744 1108 4822 nostrorum,
1124 4761 1222 4828 super
1243 4762 1326 4827 prae-
