3566 5820
411 867 475 932 170
660 879 858 929 ssorsruun
881 877 1204 928 nmnsssumssss

408 1065 462 1130 vel
485 1068 678 1152 cuicumque
713 1075 748 1132 et
777 1069 1050 1153 quandocumque
1073 1068 1143 1132 sive
1166 1069 1203 1131 in
1224 1065 1367 1132 sanitate
1390 1065 1460 1130 sive

409 1167 444 1230 in
474 1167 672 1254 aegritudine
698 1168 782 1233 illud
806 1169 1010 1256 mesuagium
1043 1191 1119 1233 cum
1149 1167 1349 1254 supradictis
1374 1166 1460 1242 dare,

287 1284 318 1327 ns
348 1316 354 1326 .
408 1269 517 1355 legere
551 1269 604 1334 vel
644 1270 811 1357 assignare
850 1271 1002 1346 voluerit,
1047 1270 1088 1334 de
1124 1291 1178 1334 me
1210 1275 1245 1334 et
1283 1267 1458 1332 heredibus

408 1372 499 1448 meis,
537 1371 590 1436 vel
631 1373 807 1458 assignatis
841 1373 932 1447 meis,
964 1371 1074 1448 libere,
1104 1372 1223 1458 quiete,
1263 1370 1388 1456 integre
1426 1375 1461 1435 et

408 1473 558 1557 pacifice:
596 1473 761 1537 reddendo
794 1474 870 1538 inde
906 1473 1079 1538 annuatim
1104 1472 1203 1538 michi
1230 1478 1265 1537 et
1287 1471 1462 1538 heredibus

408 1575 489 1638 meis
521 1575 574 1640 vel
608 1574 783 1664 assignetis
814 1576 895 1642 meis
925 1575 1096 1641 duodecim
1119 1575 1269 1640 denarios
1302 1576 1345 1640 ed
1380 1576 1461 1639 duos

408 1677 487 1741 anni
519 1678 696 1757 terminos3
727 1678 890 1754 videlicet,
915 1679 957 1742 ad
990 1678 1213 1743 Nativitatem
1245 1677 1380 1742 Domini
1402 1699 1460 1742 sex

409 1777 568 1856 denarios,
599 1780 698 1844 etad
721 1781 842 1843 festum
867 1779 981 1844 Sancti
1012 1779 1180 1844 tidhelm
1212 1803 1269 1846 sex
1300 1780 1459 1857 denarios,

409 1886 443 1944 et
474 1881 606 1946 domino
636 1882 749 1946 abbati
781 1881 1023 1946 Melmcsburiue
1054 1887 1196 1966 quatuor
1237 1881 1387 1946 decanos
1417 1881 1460 1947 cd

409 1981 532 2046 festum
548 1983 661 2048 Sancti
688 1983 875 2068 Augustini,
892 1983 1068 2047 annuatim
1083 1982 1264 2059 solvendos,
1289 2003 1347 2069 pro
1370 1983 1460 2048 omni

408 2084 554 2159 servicio,
579 2091 675 2161 secta,
692 2089 726 2149 et
749 2084 888 2148 seculan'
907 2085 1079 2158 demando,
1096 2084 1199 2149 salvis
1223 2085 1320 2171 burgi
1344 2106 1460 2150 consu-

409 2183 608 2262 etudinibus,
632 2185 753 2250 debitis
778 2192 813 2252 ct
833 2188 1005 2252 consuetis.
1053 2185 1123 2273 Ego
1149 2209 1228 2252 vcro
1253 2186 1395 2252 Thomas
1418 2186 1458 2251 de

409 2285 443 2350 lc
466 2285 629 2364 Posterne,
678 2294 712 2352 et
745 2287 881 2352 heredes
915 2291 989 2365 mei,
1021 2295 1055 2354 et
1086 2287 1245 2374 assignati
1268 2289 1341 2364 mei,
1373 2287 1462 2354 dicto

410 2385 573 2451 Clementi
597 2394 632 2452 et
646 2386 821 2452 heredibus
856 2389 932 2465 suis,
964 2395 998 2454 et
1021 2389 1196 2474 assignatis
1231 2389 1306 2464 suis,
1335 2389 1459 2454 dictum

409 2490 613 2575 mesuagium
646 2511 721 2556 cum
755 2491 906 2555 domibus
937 2495 971 2555 et
1001 2489 1206 2575 curtillogiis
1237 2511 1296 2575 pro
1324 2491 1461 2555 servicio

410 2590 567 2676 praedicto
589 2599 703 2656 contra
725 2592 1007 2657 omnes'morteles
1023 2591 1320 2670 warantizabimus,
1334 2592 1462 2678 acquie-

410 2692 562 2770 tabimus,
587 2699 621 2758 et
647 2695 859 2760 defendemus
881 2696 1132 2782 imperpetuum.
1179 2693 1243 2759 Pro
1266 2694 1328 2760 hac
1350 2700 1458 2758 autem

411 2793 596 2872 donatione,
612 2798 817 2863 concessione
833 2803 867 2861 et
884 2797 1044 2862 uersutis
1060 2818 1143 2873 mee,
1164 2796 1257 2860 dedit
1271 2795 1372 2861 michi
1395 2795 1462 2860 dic·

411 2902 465 2961 tus
476 2896 627 2963 Clemens
643 2901 788 2985 quinque
804 2922 929 2965 marcas
945 2901 1201 2986 sterlinguorum
1216 2922 1285 2984 prae
1301 2900 1461 2964 manibus.

412 2997 471 3064 Ut·
498 3001 601 3086 igitur
623 2999 693 3068 haec
716 3025 789 3068 mee
812 3002 958 3079 donatio,
982 3003 1155 3078 concessio,
1178 3007 1212 3066 et
1239 3008 1338 3068 cartre
1360 3001 1460 3087 hujus

411 3102 615 3167 confirmatio
645 3111 679 3168 et
703 3106 864 3170 warantis
893 3127 967 3169 mea
997 3103 1125 3168 stabilis
1156 3110 1191 3167 et
1224 3103 1320 3168 firma
1342 3105 1460 3190 imper-

411 3211 548 3290 petuum
579 3212 780 3290 permaneat,
807 3206 893 3270 hauc
916 3211 1111 3291 praesentem
1143 3211 1268 3271 certum
1302 3206 1460 3291 praedicto

412 3305 575 3372 Clementi
599 3313 633 3372 et
656 3308 833 3374 heredibus
855 3309 925 3372 suis
948 3307 1001 3372 vel
1028 3307 1214 3392 assignatis,
1238 3307 1311 3370 lieri
1333 3307 1395 3372 feci
1427 3313 1462 3370 et

412 3430 483 3472 eam
515 3408 616 3495 sigilli
631 3410 696 3474 mei
719 3409 929 3497 impressione
953 3408 1112 3474 roboravi.

821 3645 900 3711 Cur.
925 3643 1056 3711 COOII.

485 3797 589 3864 Corte
614 3795 793 3864 Clementis
816 3797 957 3883 Sperne
980 3795 1021 3862 dc
1042 3796 1192 3882 quodem
1215 3795 1387 3882 rrreecapio

705 3920 817 3964 versus
838 3906 975 3986 pontem
998 3899 1027 3965 lc
1052 3898 1170 3984 Tlreyrr.

245 4073 367 4124 Granios
459 4053 573 4119 Sciant
595 4058 770 4138 praesentes
793 4057 828 4117 et
851 4052 955 4117 iutun'
978 4053 1065 4138 quod
1081 4074 1142 4139 ego
1158 4051 1308 4118 Clemens
1325 4051 1463 4138 Sporum,

244 4141 352 4256 &⁰2⁸⁶
365 4141 392 4190 ³¹¹
413 4154 607 4240 capellanus,
632 4153 716 4230 dedi,
740 4154 891 4232 concessi,
914 4158 949 4219 et
983 4153 1044 4220 hac
1070 4145 1233 4240 ¹praesenti
1267 4158 1358 4219 carte
1391 4173 1464 4218 mec

244 4216 400 4350 „diligt
413 4257 614 4332 confirmavi,
637 4255 770 4322 domino
792 4255 957 4322 Willelmo
989 4255 1103 4322 abbati
1127 4261 1161 4321 et
1182 4255 1359 4321 conventui
1381 4253 1464 4320 Mel-

245 4341 349 4406 Bndge.
414 4359 656 4436 mesbu1·iae‚in
689 4381 805 4445 puram
838 4365 872 4424 et
904 4365 1096 4446 perpetuum
1119 4359 1337 4436 elemosinam,
1361 4379 1465 4422 unum

415 4462 618 4549 mesuagium
652 4483 727 4528 cum
759 4462 911 4527 omnibus
946 4462 1154 4549 pertinentiis
1188 4462 1256 4527 suis
1279 4462 1315 4528 in
1339 4461 1464 4528 Westc-

414 4571 496 4653 port,
521 4588 634 4631 versus
668 4571 802 4653 pontem
834 4565 865 4631 le
886 4574 984 4652 beyn,
1008 4567 1109 4632 situm
1136 4567 1237 4652 juxte
1261 4567 1465 4652 mesuagium

413 4670 579 4755 quondam
610 4669 745 4734 Roberti
769 4669 885 4734 Botte:
919 4671 1098 4735 tenendum
1122 4675 1156 4734 et
1178 4669 1367 4734 habendum
1398 4669 1464 4736 dic·

414 4774 458 4838 tis
480 4772 593 4838 abbati
616 4776 650 4836 ct
672 4772 850 4838 conventui
873 4777 1041 4838 eteorum
1074 4773 1319 4848 successoribus,
1342 4771 1382 4838 dc
1413 4793 1466 4838 me
