3524 5808
463 855 530 926 370
876 871 1054 920 arrarum
1078 872 1099 920 1.

463 1079 535 1136 run,
557 1058 778 1146 quadraginta
800 1057 927 1122 solidos.
974 1058 1025 1122 De
1042 1059 1138 1122 domo
1161 1079 1235 1143 quaa
1258 1056 1326 1122 fuit
1348 1056 1514 1144 quondam

463 1160 626 1226 Johannis
650 1162 690 1225 de
716 1160 950 1224 Hussebourne
973 1165 1088 1225 contra
1115 1160 1151 1224 lo
1169 1158 1317 1244 Gyuudc,
1348 1161 1513 1226 sexdecim

463 1263 590 1328 solidos.
671 1263 721 1328 De
759 1269 848 1328 terra
879 1283 953 1347 quae
985 1261 1053 1326 fuit
1087 1261 1243 1326 Willelmi
1281 1263 1312 1327 le
1350 1263 1437 1346 Fryc
1475 1263 1514 1327 de

464 1363 631 1442 Corstone,
648 1365 759 1430 decem
783 1364 912 1429 solidos,
958 1363 1009 1428 De
1032 1363 1130 1428 domo
1153 1385 1227 1448 quse
1245 1363 1312 1429 fuit
1327 1363 1462 1430 Thomas
1485 1365 1514 1429 le

462 1467 581 1532 Rower
618 1468 654 1531 in
690 1465 887 1552 Westeport,
918 1467 1020 1550 juxta
1064 1466 1198 1530 domum
1229 1465 1369 1531 Walteri
1409 1467 1449 1532 de
1483 1467 1515 1530 la

463 1570 595 1646 (lutere,
622 1592 681 1634 sex
704 1569 832 1634 solidos
879 1569 930 1634 De
952 1575 1142 1634 tenemento
1165 1568 1334 1653 quondam
1357 1569 1514 1634 Willelmi

461 1672 623 1738 Janitcris
661 1673 697 1736 in
729 1671 852 1756 Magna
880 1671 994 1736 Strata
1025 1671 1115 1735 villae
1150 1671 1403 1748 Malmesburiae,
1427 1672 1514 1757 quod

461 1774 630 1838 Johannes
657 1773 832 1838 Aurifaber
856 1775 973 1850 tenuit,
997 1774 1244 1858 quatuordecim
1275 1773 1401 1839 solidos
1462 1775 1514 1840 De

460 1881 650 1940 tenemento
665 1875 832 1960 quondam
851 1875 985 1940 Thomae
1005 1874 1104 1960 Wrog
1119 1897 1232 1940 versus
1255 1882 1384 1961 portam
1408 1863 1513 1942 crien-

461 1978 570 2055 talcm,
601 1980 644 2043 xl.
669 1978 828 2043 denarios,
876 1978 1055 2044 Praedictos
1082 1999 1160 2042 vero
1194 1977 1343 2042 redditus
1373 1979 1512 2064 pitanci-

459 2081 549 2144 arius
581 2081 639 2166 qui
663 2103 721 2166 pro
753 2086 899 2166 tempore
932 2081 1033 2144 suerit
1057 2080 1223 2165 percipiet,
1257 2084 1292 2144 et
1318 2081 1359 2144 de
1390 2081 1510 2145 eisdem

459 2181 566 2247 solvet
595 2181 766 2246 hostilario
798 2187 918 2259 nostro,
951 2183 1008 2266 qui
1040 2202 1099 2267 pro
1131 2187 1277 2266 tempore
1310 2181 1419 2258 suerit,
1453 2205 1511 2268 pro

458 2285 649 2350 necessariis
691 2284 727 2347 in
757 2283 835 2348 aula
864 2283 1032 2368 hospitum
1071 2283 1280 2348 inveniendis
1312 2283 1353 2348 ad
1388 2284 1510 2349 festum

460 2385 573 2451 Sancti
613 2383 792 2450 Michaelis.
867 2384 918 2448 De
953 2390 1142 2449 tenemento
1181 2384 1347 2469 quondam
1386 2385 1509 2451 Emmre

458 2486 577 2572 Florye
601 2487 666 2550 sito
690 2507 732 2550 ex
755 2486 907 2570 opposito
930 2485 1074 2552 ecclesiae
1099 2485 1213 2551 Sancti
1237 2485 1343 2560 Pauli,
1367 2493 1509 2571 quatuor

457 2589 577 2654 solidos
593 2594 627 2653 et
649 2587 744 2652 octo¹
768 2588 926 2652 denarios.
974 2587 1019 2651 Et
1033 2586 1202 2673 capellano
1218 2588 1406 2672 quicunque
1428 2590 1509 2654 cele-

457 2697 603 2761 braverit
628 2697 661 2760 in
685 2697 832 2760 carnario
864 2717 922 2780 pro
945 2696 1057 2761 anima
1080 2694 1218 2761 Walteri
1244 2695 1362 2772 Gelun,
1389 2698 1507 2782 viginti

457 2803 491 2863 et
514 2797 596 2862 duos
627 2797 755 2862 solidos
818 2797 862 2861 Et
884 2798 920 2861 in
943 2797 1168 2862 anniversario
1199 2803 1311 2862 nostro
1334 2798 1375 2862 ad
1400 2799 1509 2863 distri-

457 2899 627 2964 buticnem
651 2919 832 2985 pauperum
849 2920 949 2962 unam
973 2919 1134 2963 marcam:
1157 2897 1244 2983 quod
1260 2898 1392 2983 quidem
1415 2901 1509 2964 anni·

456 2999 638 3066 versarium
662 3022 721 3086 pro
743 3001 855 3064 anima
877 3005 991 3064 nostra
1013 3001 1072 3064 fiet
1094 3001 1130 3064 in
1152 3005 1320 3065 conventu
1343 3003 1428 3065 sicut
1450 3023 1509 3086 pm

455 3104 567 3167 anima
598 3100 728 3167 abbatis
759 3101 908 3165 Galiridi.
979 3101 1023 3165 Et
1054 3102 1097 3166 ad
1129 3101 1399 3167 distributionem
1428 3125 1508 3188 pau-

455 3227 571 3290 perum
610 3204 663 3268 dic
702 3204 899 3268 Animarum
939 3203 1050 3268 decem
1090 3203 1220 3268 solidos.
1290 3203 1334 3267 Et
1366 3206 1508 3270 sacrista

456 3307 599 3374 ecclesiae
644 3312 766 3370 nostrae
805 3305 1051 3370 Malmesburiae
1097 3305 1139 3368 de
1183 3305 1272 3370 dicto
1319 3311 1508 3372 tenemento

454 3409 621 3493 quondam
654 3407 813 3472 Willelmi
852 3406 1016 3471 Janitcris
1048 3407 1091 3470 ad
1124 3405 1248 3470 festum
1280 3405 1395 3472 Sancti
1427 3409 1508 3473 Ald-

454 3511 541 3588 elmi,
564 3509 736 3574 duodecim
760 3508 920 3573 denarios
966 3507 1074 3572 Dictis
1102 3513 1214 3572 autem
1238 3507 1459 3574 solutionibus
1474 3517 1510 3576 ct

454 3611 707 3678 liberationibus
730 3611 771 3675 dc
794 3610 962 3696 praedictis
985 3609 1171 3674 redditibus
1194 3608 1299 3686 factis,
1316 3611 1402 3676 sicut
1423 3633 1508 3697 pree-

456 3715 659 3790 dictumest,
682 3712 902 3778 remanebunt
925 3711 968 3776 ad
991 3711 1173 3796 pitanciam
1197 3716 1380 3776 conventus
1402 3715 1508 3778 nostri

454 3815 593 3902 singulis
626 3815 722 3878 annis
753 3814 793 3878 de
824 3818 938 3877 nostra
968 3812 1200 3898 assignatione,
1225 3813 1446 3900 quadraginta
1473 3821 1509 3880 et

454 3924 521 3982 tres
558 3917 664 3981 solidi.
733 3914 786 3978 Nc
820 3920 933 3978 autem
972 3913 1043 3978 haec
1081 3913 1235 3998 provisi0,
1270 3914 1435 3981 ordinatio
1473 3923 1509 3982 et

330 4055 335 4068 ·
453 4019 633 4106 assignatio
656 4022 769 4082 nostra
791 4038 850 4102 per
872 4016 1036 4082 maliciam
1060 4017 1217 4102 temporis
1239 4016 1294 4080 vel
1317 4039 1376 4102 per
1397 4023 1507 4084 muta·

454 4122 578 4186 tionem
601 4119 813 4206 praelatorum
835 4117 947 4204 aliquo
970 4124 1116 4203 tempore
1139 4119 1244 4203 possit
1271 4119 1404 4199 imitari,
1428 4141 1507 4186 ean·

452 4224 528 4288 dem
550 4223 707 4286 uniformi
735 4243 869 4286 assensu
900 4226 934 4284 et
965 4219 1139 4285 voluntate
1174 4227 1358 4286 conventus
1391 4227 1508 4304 nostri,

452 4325 560 4410 sigillo
583 4323 783 4388 humilitatis
806 4328 927 4387 nostrae
951 4343 1018 4386 una
1042 4341 1116 4387 cum
1140 4321 1248 4407 sigillo
1270 4324 1408 4410 capituli
1431 4347 1508 4391 nos-

451 4429 496 4490 tri
519 4427 675 4490 duximus
697 4425 933 4490 roborandam.¹
970 4424 1052 4490 Haec
1068 4445 1141 4510 quae
1162 4447 1183 4489 a
1197 4425 1291 4490 nobis
1312 4426 1374 4490 sub
1390 4428 1509 4495 divino
1546 4447 1549 4450 ·

445 4527 572 4613 judicio
596 4531 723 4591 statuta
745 4532 833 4604 sunt,
849 4527 952 4612 siquis
967 4527 1161 4612 transgredi,
1176 4527 1357 4614 infringere
1381 4531 1435 4594 vel
1455 4533 1509 4597 in-

614 4772 623 4804 ¹
641 4779 665 4821 et
677 4771 744 4838 ceto]
766 4773 848 4824 These
861 4775 943 4824 words
955 4788 997 4824 are
1008 4772 1105 4824 written
1117 4787 1179 4823 over
1189 4787 1222 4823 aa
1233 4787 1342 4825 erasure.
