3578 5808
538 907 736 957 REGISTRUM
759 907 1080 957 MALMESBURIENSE.
1293 893 1337 961 47

283 1095 525 1160 munimentum
542 1117 641 1183 penes
657 1118 709 1160 me
732 1097 864 1173 retinui,
881 1097 934 1161 vel
958 1119 1057 1183 penes
1080 1097 1225 1183 aliquem
1248 1119 1336 1162 meo·

284 1221 365 1276 rum,
382 1199 471 1283 quod
494 1199 537 1263 ad
560 1205 796 1265 nocumentum
820 1199 982 1264 dictorum
999 1199 1129 1264 abbatis
1145 1205 1179 1264 et
1195 1221 1336 1264 conven-

289 1306 343 1365 tus
369 1321 522 1386 processu
540 1302 698 1386 temporis
722 1324 820 1388 super
842 1302 914 1386 jam
940 1302 1028 1367 dicto
1054 1302 1186 1366 redditu
1211 1309 1246 1367 et
1272 1325 1336 1366 ser-

285 1405 370 1469 vicio
393 1405 498 1490 possit
520 1405 641 1469 venire.
707 1405 804 1470 Hanc
826 1410 937 1470 autem
971 1405 1197 1470 venditionem
1220 1427 1327 1470 meam

284 1509 370 1573 sicut
399 1511 591 1596 praescripta
614 1514 672 1585 est,
696 1530 756 1594 ego
787 1508 952 1572 Radulfus
983 1508 1023 1572 dc
1048 1506 1269 1573 Suderintone
1302 1515 1336 1573 et

285 1609 421 1675 heredes
445 1612 509 1675 mei
536 1613 625 1676 dicto
650 1610 764 1674 abbati
787 1615 822 1674 et
844 1611 1022 1674 conventui
1046 1611 1337 1676 warantizabimus

285 1717 399 1778 contra
414 1735 527 1778 omnes
542 1712 691 1778 homines
716 1719 749 1777 ct
768 1712 916 1776 feminas.
957 1711 1001 1776 Et
1024 1713 1063 1776 ut
1087 1712 1147 1778 hac
1169 1735 1242 1778 mea
1257 1736 1337 1778 veu-

286 1813 377 1890 ditio,
394 1815 564 1892 concessio,
589 1821 623 1879 et
646 1814 749 1878 totius
768 1813 862 1896 juris,
887 1814 974 1898 quod
997 1813 1098 1878 habui
1121 1815 1156 1877 in
1179 1816 1337 1899 praedicto

285 1917 425 1992 redditu,
460 1937 518 2002 pro
546 1938 597 1980 me
622 1923 656 1980 et
678 1915 853 1980 heredibus
878 1917 959 1980 meis
983 1916 1157 2000 abjuratio
1181 1917 1276 1982 firma
1303 1925 1337 1984 et

284 2017 412 2082 stabilis
435 2023 627 2103 permaneat
656 2019 907 2103 imperpetuum,
938 2018 1022 2082 hanc
1049 2025 1172 2082 cartam
1196 2021 1243 2083 eis
1266 2021 1336 2098 feei,

285 2125 320 2186 et
342 2119 486 2206 sigillum
510 2142 618 2184 meum
642 2121 788 2205 apposui.
839 2119 913 2182 Hiis
937 2120 1086 2198 testibus
1110 2127 1170 2186 etc.

699 2369 778 2436 Cae.
804 2370 919 2436 CXCI.

354 2507 479 2572 -Oortu
501 2509 675 2574 Johorrar's
698 2509 799 2574 scorti
827 2509 866 2573 dc
889 2531 965 2574 curru
991 2509 1083 2574 libro
1102 2511 1244 2596 piperis.

330 2647 445 2712 Sciant
459 2654 637 2734 praesentcs
653 2655 687 2714 et
710 2649 823 2726 firturi,
839 2650 927 2734 quod
943 2671 1001 2736 ego
1017 2649 1185 2715 Johannes
1202 2652 1335 2718 Scottus
1349 2673 1438 2726 orme

284 2749 324 2814 de
342 2749 579 2835 Orcd[ew,ellc],
596 2773 655 2836 pro
671 2751 778 2815 salute
794 2751 913 2815 auimae
931 2773 1022 2829 mere,
1040 2754 1183 2818 concessi
1199 2759 1234 2818 et
1259 2755 1334 2819 dedi
1348 2755 1423 2792 rame.

285 2852 427 2918 eeclesiae
451 2854 565 2918 Sancti
582 2853 750 2918 Aldhelmi
767 2854 807 2917 de
834 2853 1069 2920 Malmesburia
1092 2877 1192 2920 unam
1216 2856 1334 2921 libram

284 2956 406 3040 piperis
434 2956 477 3020 ad
505 2956 625 3020 festum
650 2955 761 3021 Sancti
786 2955 956 3020 Michaelis
989 2959 1161 3022 annuatim
1197 2960 1334 3044 percipi-

283 3059 402 3123 endam
426 3059 465 3124 do
481 3058 627 3123 Radulfo
643 3059 766 3122 vicario
782 3059 821 3122 de
839 3058 1076 3123 Hanckiutone
1104 3066 1138 3124 et
1160 3059 1335 3126 heredibus

282 3162 360 3238 suis,
382 3160 437 3225 vel
460 3161 530 3246 ejus
553 3161 748 3246 assignatis;
772 3183 872 3246 quam
896 3160 983 3224 idem
1009 3161 1170 3226 Radulfus
1194 3163 1276 3226 mihi
1302 3169 1336 3228 et

283 3261 458 3326 heredibus
491 3263 572 3326 meis
610 3262 736 3326 solvere
776 3262 952 3326 tenebatur
990 3284 1048 3348 pro
1079 3263 1176 3328 feudo
1200 3286 1271 3329 meo
1295 3266 1335 3330 de

283 3362 543 3441 Thederindone,
555 3364 644 3449 quod
659 3368 758 3428 meet
773 3363 907 3428 heredes
924 3385 1012 3428 meos
1027 3363 1243 3429 hereditariel
1259 3388 1335 3432 con-

201 3487 205 3496 ·
284 3466 453 3552 tingebat;
476 3466 563 3552 quod
590 3466 742 3530 videlieet
767 3465 898 3530 feodum
919 3488 978 3551 ego
1004 3466 1181 3543 Johauues,
1202 3491 1335 3534 assensu

283 3569 441 3632 heredum
466 3589 621 3644 meorum,
646 3568 788 3632 concessi
812 3573 846 3631 εὴ
870 3567 945 3632 dedi
961 3568 1120 3653 praedicto
1136 3569 1278 3635 Radulfo
1302 3579 1336 3636 et

283 3671 460 3736 heredibus
484 3672 551 3735 suis
577 3671 631 3736 rel
654 3671 830 3757 assignatis
854 3671 1010 3754 ejusdem.
1059 3671 1211 3738 Concessi
1236 3675 1337 3739 ctiam
1412 3723 1415 3730 .

283 3773 381 3837 dictae
397 3771 538 3838 ecclesiae
554 3778 662 3836 totum
686 3772 861 3836 servicium
878 3793 953 3835 curn
968 3772 1130 3859 homagiis
1147 3781 1181 3838 et
1196 3776 1335 3854 releviis,

283 3878 319 3938 et
345 3875 498 3938 omnibus
521 3874 595 3938 aliis
625 3874 780 3950 serviciis,
803 3874 847 3937 ad
869 3873 1059 3958 praedictam
1083 3880 1203 3940 terram
1236 3880 1336 3963 perti-

281 3974 449 4052 nentibus,
473 3981 634 4059 quantum
650 3975 692 4038 ad
719 3997 771 4038 me
794 3979 828 4038 et
851 3975 893 4038 ad
915 3974 1050 4039 heredes
1073 3998 1161 4040 meos
1184 3980 1335 4064 pertinet.

283 4078 339 4142 Ita
383 4078 471 4163 quod
506 4079 595 4142 dicta
633 4076 768 4142 ecclesia
807 4077 847 4140 dc
886 4077 1121 4144 Malmesburia
1155 4080 1276 4146 habeat
1303 4089 1337 4146 et

281 4185 399 4244 teneat
428 4180 620 4266 praedictam
643 4179 761 4243 libram
785 4179 908 4264 piperis
931 4184 966 4244 et
980 4187 1160 4246 memorata
1186 4184 1333 4261 servicia,

279 4280 383 4345 libere
407 4287 442 4345 et
464 4281 582 4366 quiete,
616 4285 650 4344 et
676 4279 810 4366 pacifice
847 4281 1059 4366 percipienda
1098 4291 1256 4368 perpetuo
1295 4286 1335 4350 de

280 4383 374 4448 dicto
396 4383 539 4448 Radulfo
562 4390 596 4448 et
619 4382 793 4448 heredibus
817 4383 884 4446 suis
900 4383 954 4448 vel
980 4385 1156 4470 assignatis
1180 4386 1333 4470 ejusdem.

280 4484 327 4548 Iu
348 4485 449 4570 hujus
472 4485 519 4549 rei
557 4485 785 4550 testimonium
808 4483 893 4549 hanc
924 4491 1048 4550 cartam
1079 4479 1143 4552 feci
1171 4493 1205 4552 et
1227 4489 1336 4575 sigillo

280 4607 358 4651 mco
379 4587 539 4652 roboravi.
586 4585 663 4650 Hiis
687 4585 837 4663 testibus,
860 4592 919 4651 etc.

658 4727 832 4734 ----———
842 4727 1337 4743 *ῆν-μὴ.-

474 4813 481 4846 ¹
501 4814 636 4870 corrected
647 4814 711 4864 from
722 4814 863 4872 hereditare
873 4817 909 4881 by
919 4817 964 4867 the
975 4816 1123 4872 rubricator.
