<?xml version="1.0" encoding="UTF-8"?>
<!DOCTYPE html PUBLIC "-//W3C//DTD XHTML 1.0 Transitional//EN"
    "http://www.w3.org/TR/xhtml1/DTD/xhtml1-transitional.dtd">
<html xmlns="http://www.w3.org/1999/xhtml" xml:lang="en" lang="en">
 <head>
  <title>
</title>
<meta http-equiv="Content-Type" content="text/html;charset=utf-8" />
  <meta name='ocr-system' content='tesseract 3.04.00' />
  <meta name='ocr-capabilities' content='ocr_page ocr_carea ocr_par ocr_line ocrx_word'/>
</head>
<body>
  <div class='ocr_page' id='page_1' title='image "./registrummalmes00martgoog_0365.png"; bbox 0 0 3526 5810; ppageno 0'>
   <div class='ocr_carea' id='block_1_1' title="bbox 504 871 1308 940">
    <p class='ocr_par' dir='ltr' id='par_1_1' title="bbox 504 871 1308 940">
     <span class='ocr_line' id='line_1_1' title="bbox 504 871 1308 940; baseline 0 -6"><span class='ocrx_word' id='word_1_1' title='bbox 504 887 702 935; x_wconf 81' lang='lat' dir='ltr'>suorsrsuu</span> <span class='ocrx_word' id='word_1_2' title='bbox 727 885 1050 936; x_wconf 75' lang='lat' dir='ltr'>ulnusssusmrvss.</span> <span class='ocrx_word' id='word_1_3' title='bbox 1243 871 1308 940; x_wconf 80' lang='lat'>271</span> 
     </span>
    </p>
   </div>
   <div class='ocr_carea' id='block_1_2' title="bbox 250 1073 1439 1162">
    <p class='ocr_par' dir='ltr' id='par_1_2' title="bbox 250 1073 1439 1162">
     <span class='ocr_line' id='line_1_2' title="bbox 250 1073 1439 1162; baseline 0.007 -23"><span class='ocrx_word' id='word_1_4' title='bbox 250 1079 355 1140; x_wconf 83' lang='lat' dir='ltr'>terras</span> <span class='ocrx_word' id='word_1_5' title='bbox 392 1074 539 1150; x_wconf 86' lang='lat' dir='ltr'>inventa,</span> <span class='ocrx_word' id='word_1_6' title='bbox 577 1095 645 1139; x_wconf 88' lang='lat' dir='ltr'>non</span> <span class='ocrx_word' id='word_1_7' title='bbox 683 1073 812 1159; x_wconf 87' lang='lat' dir='ltr'>possint</span> <span class='ocrx_word' id='word_1_8' title='bbox 849 1074 1047 1162; x_wconf 85' lang='lat' dir='ltr'>imparkare,</span> <span class='ocrx_word' id='word_1_9' title='bbox 1086 1074 1140 1140; x_wconf 88' lang='lat' dir='ltr'>vel</span> <span class='ocrx_word' id='word_1_10' title='bbox 1178 1075 1310 1160; x_wconf 88' lang='lat' dir='ltr'>aliquas</span> <span class='ocrx_word' id='word_1_11' title='bbox 1325 1095 1343 1146; x_wconf 83' lang='lat' dir='ltr'>r.</span> <span class='ocrx_word' id='word_1_12' title='bbox 1355 1099 1402 1146; x_wconf 69' lang='lat' dir='ltr'>aaa</span> <span class='ocrx_word' id='word_1_13' title='bbox 1416 1096 1439 1147; x_wconf 80' lang='lat' dir='ltr'>t.</span> 
     </span>
    </p>
   </div>
   <div class='ocr_carea' id='block_1_3' title="bbox 252 1176 1310 1354">
    <p class='ocr_par' dir='ltr' id='par_1_3' title="bbox 252 1176 1310 1354">
     <span class='ocr_line' id='line_1_3' title="bbox 254 1176 1309 1264; baseline 0.001 -23"><span class='ocrx_word' id='word_1_14' title='bbox 254 1177 408 1242; x_wconf 88' lang='lat' dir='ltr'>emendas</span> <span class='ocrx_word' id='word_1_15' title='bbox 429 1197 546 1263; x_wconf 86' lang='lat' dir='ltr'>oaporo</span> <span class='ocrx_word' id='word_1_16' title='bbox 568 1176 623 1241; x_wconf 88' lang='lat' dir='ltr'>vel</span> <span class='ocrx_word' id='word_1_17' title='bbox 645 1177 786 1263; x_wconf 80' lang='lat' dir='ltr'>exigere.</span> <span class='ocrx_word' id='word_1_18' title='bbox 826 1177 871 1243; x_wconf 84' lang='lat' dir='ltr'>Et</span> <span class='ocrx_word' id='word_1_19' title='bbox 897 1178 933 1242; x_wconf 89' lang='lat' dir='ltr'>in</span> <span class='ocrx_word' id='word_1_20' title='bbox 956 1177 1185 1244; x_wconf 90' lang='lat' dir='ltr'>testimonium</span> <span class='ocrx_word' id='word_1_21' title='bbox 1207 1177 1309 1264; x_wconf 89' lang='lat' dir='ltr'>hujus</span> 
     </span>
     <span class='ocr_line' id='line_1_4' title="bbox 252 1265 1310 1354; baseline 0.001 -23"><span class='ocrx_word' id='word_1_22' title='bbox 252 1265 451 1333; x_wconf 80' lang='lat' dir='ltr'>remissionis</span> <span class='ocrx_word' id='word_1_23' title='bbox 485 1271 522 1332; x_wconf 89' lang='lat' dir='ltr'>et</span> <span class='ocrx_word' id='word_1_24' title='bbox 552 1266 673 1352; x_wconf 81' lang='lat' dir='ltr'>quietae</span> <span class='ocrx_word' id='word_1_25' title='bbox 711 1266 898 1334; x_wconf 80' lang='lat' dir='ltr'>clamantiae</span> <span class='ocrx_word' id='word_1_26' title='bbox 936 1290 1026 1346; x_wconf 87' lang='lat' dir='ltr'>meae,</span> <span class='ocrx_word' id='word_1_27' title='bbox 1058 1267 1119 1334; x_wconf 87' lang='lat' dir='ltr'>hoo</span> <span class='ocrx_word' id='word_1_28' title='bbox 1150 1269 1310 1354; x_wconf 82' lang='lat' dir='ltr'>seriptum</span> 
     </span>
    </p>
   </div>
   <div class='ocr_carea' id='block_1_4' title="bbox 254 1368 1312 1560">
    <p class='ocr_par' dir='ltr' id='par_1_4' title="bbox 254 1368 1312 1560">
     <span class='ocr_line' id='line_1_5' title="bbox 254 1368 1312 1457; baseline 0.002 -23"><span class='ocrx_word' id='word_1_29' title='bbox 254 1368 376 1434; x_wconf 89' lang='lat' dir='ltr'>eisdem</span> <span class='ocrx_word' id='word_1_30' title='bbox 410 1369 525 1435; x_wconf 89' lang='lat' dir='ltr'>abbati</span> <span class='ocrx_word' id='word_1_31' title='bbox 559 1374 594 1434; x_wconf 89' lang='lat' dir='ltr'>et</span> <span class='ocrx_word' id='word_1_32' title='bbox 623 1369 804 1437; x_wconf 77' lang='lat' dir='ltr'>conventui</span> <span class='ocrx_word' id='word_1_33' title='bbox 834 1369 906 1448; x_wconf 86' lang='lat' dir='ltr'>feei,</span> <span class='ocrx_word' id='word_1_34' title='bbox 930 1374 966 1436; x_wconf 87' lang='lat' dir='ltr'>ot</span> <span class='ocrx_word' id='word_1_35' title='bbox 988 1369 1073 1434; x_wconf 91' lang='lat' dir='ltr'>illud</span> <span class='ocrx_word' id='word_1_36' title='bbox 1107 1369 1216 1457; x_wconf 84' lang='lat' dir='ltr'>sigillo</span> <span class='ocrx_word' id='word_1_37' title='bbox 1239 1392 1312 1436; x_wconf 91' lang='lat' dir='ltr'>meo</span> 
     </span>
     <span class='ocr_line' id='line_1_6' title="bbox 255 1471 779 1560; baseline 0.006 -23"><span class='ocrx_word' id='word_1_38' title='bbox 255 1471 395 1560; x_wconf 75' lang='lat' dir='ltr'>signavi.</span> <span class='ocrx_word' id='word_1_39' title='bbox 441 1471 520 1539; x_wconf 89' lang='lat' dir='ltr'>Hiis</span> <span class='ocrx_word' id='word_1_40' title='bbox 543 1472 694 1552; x_wconf 86' lang='lat' dir='ltr'>testibus,</span> <span class='ocrx_word' id='word_1_41' title='bbox 718 1478 779 1540; x_wconf 88' lang='lat' dir='ltr'>eto.</span> 
     </span>
    </p>
   </div>
   <div class='ocr_carea' id='block_1_5' title="bbox 273 1727 1291 1966">
    <p class='ocr_par' dir='ltr' id='par_1_5' title="bbox 273 1727 1291 1966">
     <span class='ocr_line' id='line_1_7' title="bbox 593 1727 992 1798; baseline -0.003 -1"><span class='ocrx_word' id='word_1_42' title='bbox 593 1730 673 1798; x_wconf 77' lang='grc' dir='ltr'><strong>ΟΔΡ.</strong></span> <span class='ocrx_word' id='word_1_43' title='bbox 698 1727 992 1797; x_wconf 77' lang='lat' dir='ltr'>CCCLXXXXII.</span> 
     </span>
     <span class='ocr_line' id='line_1_8' title="bbox 273 1875 1291 1966; baseline -0.007 -17"><span class='ocrx_word' id='word_1_44' title='bbox 273 1879 397 1963; x_wconf 77' lang='lat' dir='ltr'>Quieta</span> <span class='ocrx_word' id='word_1_45' title='bbox 419 1878 611 1948; x_wconf 61' lang='lat' dir='ltr'>ammata</span> <span class='ocrx_word' id='word_1_46' title='bbox 635 1876 793 1966; x_wconf 69' lang='lat' dir='ltr'>Ootfltdt</span> <span class='ocrx_word' id='word_1_47' title='bbox 815 1876 1020 1964; x_wconf 78' lang='lat' dir='ltr'>Boldewyaa</span> <span class='ocrx_word' id='word_1_48' title='bbox 1041 1875 1082 1943; x_wconf 79' lang='lat' dir='ltr'>do</span> <span class='ocrx_word' id='word_1_49' title='bbox 1108 1875 1291 1964; x_wconf 72' lang='lat' dir='ltr'>Alpatoae.</span> 
     </span>
    </p>
   </div>
   <div class='ocr_carea' id='block_1_6' title="bbox 262 2023 1480 2216">
    <p class='ocr_par' dir='ltr' id='par_1_6' title="bbox 262 2023 1480 2216">
     <span class='ocr_line' id='line_1_9' title="bbox 302 2023 1477 2111; baseline -0.006 -21"><span class='ocrx_word' id='word_1_50' title='bbox 302 2025 465 2092; x_wconf 90' lang='lat' dir='ltr'>Omnibus</span> <span class='ocrx_word' id='word_1_51' title='bbox 488 2024 615 2092; x_wconf 75' lang='lat' dir='ltr'>Christi</span> <span class='ocrx_word' id='word_1_52' title='bbox 637 2023 791 2090; x_wconf 91' lang='lat' dir='ltr'>fidelibus</span> <span class='ocrx_word' id='word_1_53' title='bbox 823 2045 968 2111; x_wconf 82' lang='lat' dir='ltr'>praesens</span> <span class='ocrx_word' id='word_1_54' title='bbox 1001 2023 1163 2109; x_wconf 83' lang='lat' dir='ltr'>seriptum</span> <span class='ocrx_word' id='word_1_55' title='bbox 1186 2024 1314 2109; x_wconf 83' lang='lat' dir='ltr'>inspee-</span> <span class='ocrx_word' id='word_1_56' title='bbox 1328 2031 1477 2110; x_wconf 62' lang='lat' dir='ltr'>Quitplaim</span> 
     </span>
     <span class='ocr_line' id='line_1_10' title="bbox 262 2099 1480 2216; baseline -0.002 -24"><span class='ocrx_word' id='word_1_57' title='bbox 262 2128 356 2208; x_wconf 90' lang='lat' dir='ltr'>turis,</span> <span class='ocrx_word' id='word_1_58' title='bbox 380 2129 549 2196; x_wconf 83' lang='lat' dir='ltr'>Galfridus</span> <span class='ocrx_word' id='word_1_59' title='bbox 580 2128 773 2196; x_wconf 89' lang='lat' dir='ltr'>Baldevvina</span> <span class='ocrx_word' id='word_1_60' title='bbox 795 2127 836 2193; x_wconf 89' lang='lat' dir='ltr'>de</span> <span class='ocrx_word' id='word_1_61' title='bbox 858 2127 1026 2206; x_wconf 87' lang='lat' dir='ltr'>Alintone,</span> <span class='ocrx_word' id='word_1_62' title='bbox 1050 2127 1192 2194; x_wconf 90' lang='lat' dir='ltr'>salutem</span> <span class='ocrx_word' id='word_1_63' title='bbox 1215 2131 1312 2192; x_wconf 84' lang='lat' dir='ltr'>sater-</span> <span class='ocrx_word' id='word_1_64' title='bbox 1327 2099 1480 2216; x_wconf 55' lang='lat' dir='ltr'>ffiffiff</span> 
     </span>
    </p>
   </div>
   <div class='ocr_carea' id='block_1_7' title="bbox 157 2229 1456 4874">
    <p class='ocr_par' dir='ltr' id='par_1_7' title="bbox 157 2229 1456 4874">
     <span class='ocr_line' id='line_1_11' title="bbox 258 2229 1456 2298; baseline -0.002 -3"><span class='ocrx_word' id='word_1_65' title='bbox 258 2250 335 2296; x_wconf 90' lang='lat' dir='ltr'>nam</span> <span class='ocrx_word' id='word_1_66' title='bbox 364 2231 402 2296; x_wconf 90' lang='lat' dir='ltr'>in</span> <span class='ocrx_word' id='word_1_67' title='bbox 423 2229 575 2298; x_wconf 90' lang='lat' dir='ltr'>Domino.</span> <span class='ocrx_word' id='word_1_68' title='bbox 622 2231 764 2298; x_wconf 79' lang='lat' dir='ltr'>Noverit</span> <span class='ocrx_word' id='word_1_69' title='bbox 795 2231 997 2297; x_wconf 85' lang='lat' dir='ltr'>universitas</span> <span class='ocrx_word' id='word_1_70' title='bbox 1020 2236 1134 2297; x_wconf 86' lang='lat' dir='ltr'>vestra</span> <span class='ocrx_word' id='word_1_71' title='bbox 1163 2252 1215 2294; x_wconf 89' lang='lat' dir='ltr'>me</span> <span class='ocrx_word' id='word_1_72' title='bbox 1238 2249 1314 2296; x_wconf 89' lang='lat' dir='ltr'>con·</span> <span class='ocrx_word' id='word_1_73' title='bbox 1328 2232 1456 2283; x_wconf 63' lang='lat' dir='ltr'>atsowa</span> 
     </span>
     <span class='ocr_line' id='line_1_12' title="bbox 157 2314 1417 2421; baseline -0.002 -20"><span class='ocrx_word' id='word_1_74' title='bbox 157 2371 166 2388; x_wconf 94' lang='lat'><strong>·</strong></span> <span class='ocrx_word' id='word_1_75' title='bbox 259 2334 400 2414; x_wconf 80' lang='lat' dir='ltr'>cessisse,</span> <span class='ocrx_word' id='word_1_76' title='bbox 424 2355 483 2421; x_wconf 89' lang='lat' dir='ltr'>pro</span> <span class='ocrx_word' id='word_1_77' title='bbox 514 2357 568 2400; x_wconf 92' lang='lat' dir='ltr'>me</span> <span class='ocrx_word' id='word_1_78' title='bbox 602 2339 636 2399; x_wconf 94' lang='lat' dir='ltr'>et</span> <span class='ocrx_word' id='word_1_79' title='bbox 667 2332 844 2399; x_wconf 87' lang='lat' dir='ltr'>heredibus</span> <span class='ocrx_word' id='word_1_80' title='bbox 878 2333 968 2410; x_wconf 85' lang='lat' dir='ltr'>mais,</span> <span class='ocrx_word' id='word_1_81' title='bbox 993 2333 1126 2400; x_wconf 91' lang='lat' dir='ltr'>domino</span> <span class='ocrx_word' id='word_1_82' title='bbox 1149 2314 1417 2398; x_wconf 68' lang='lat' dir='ltr'>Wsslelmomerre.</span> 
     </span>
     <span class='ocr_line' id='line_1_13' title="bbox 257 2435 1313 2522; baseline -0.004 -20"><span class='ocrx_word' id='word_1_83' title='bbox 257 2436 370 2502; x_wconf 89' lang='lat' dir='ltr'>abbati</span> <span class='ocrx_word' id='word_1_84' title='bbox 393 2435 434 2501; x_wconf 89' lang='lat' dir='ltr'>de</span> <span class='ocrx_word' id='word_1_85' title='bbox 457 2435 701 2514; x_wconf 84' lang='lat' dir='ltr'>Malmesburia,</span> <span class='ocrx_word' id='word_1_86' title='bbox 718 2440 753 2501; x_wconf 87' lang='lat' dir='ltr'>et</span> <span class='ocrx_word' id='word_1_87' title='bbox 768 2435 916 2521; x_wconf 90' lang='lat' dir='ltr'>ejusdem</span> <span class='ocrx_word' id='word_1_88' title='bbox 938 2435 1001 2501; x_wconf 87' lang='lat' dir='ltr'>looi</span> <span class='ocrx_word' id='word_1_89' title='bbox 1018 2435 1208 2513; x_wconf 79' lang='lat' dir='ltr'>conventui,</span> <span class='ocrx_word' id='word_1_90' title='bbox 1224 2435 1313 2522; x_wconf 91' lang='lat' dir='ltr'>quod</span> 
     </span>
     <span class='ocr_line' id='line_1_14' title="bbox 262 2536 1367 2626; baseline 0.002 -25"><span class='ocrx_word' id='word_1_91' title='bbox 262 2538 325 2624; x_wconf 89' lang='lat' dir='ltr'>ipsi</span> <span class='ocrx_word' id='word_1_92' title='bbox 361 2537 506 2603; x_wconf 75' lang='lat' dir='ltr'>habeant</span> <span class='ocrx_word' id='word_1_93' title='bbox 544 2543 579 2603; x_wconf 88' lang='lat' dir='ltr'>et</span> <span class='ocrx_word' id='word_1_94' title='bbox 611 2543 749 2604; x_wconf 75' lang='lat' dir='ltr'>teneant</span> <span class='ocrx_word' id='word_1_95' title='bbox 782 2536 917 2624; x_wconf 88' lang='lat' dir='ltr'>paoifioe</span> <span class='ocrx_word' id='word_1_96' title='bbox 949 2539 1194 2624; x_wconf 85' lang='lat' dir='ltr'>imperpetuum</span> <span class='ocrx_word' id='word_1_97' title='bbox 1228 2543 1317 2603; x_wconf 87' lang='lat' dir='ltr'>totas</span> <span class='ocrx_word' id='word_1_98' title='bbox 1364 2617 1367 2626; x_wconf 18' lang='grc'><strong><em>4</em></strong></span> 
     </span>
     <span class='ocr_line' id='line_1_15' title="bbox 261 2638 1319 2727; baseline 0 -23"><span class='ocrx_word' id='word_1_99' title='bbox 261 2645 364 2705; x_wconf 84' lang='lat' dir='ltr'>terras</span> <span class='ocrx_word' id='word_1_100' title='bbox 387 2639 475 2727; x_wconf 87' lang='lat' dir='ltr'>ipsos</span> <span class='ocrx_word' id='word_1_101' title='bbox 496 2640 651 2707; x_wconf 76' lang='lat' dir='ltr'>abbatem</span> <span class='ocrx_word' id='word_1_102' title='bbox 684 2644 718 2705; x_wconf 89' lang='lat' dir='ltr'>et</span> <span class='ocrx_word' id='word_1_103' title='bbox 740 2644 938 2706; x_wconf 84' lang='lat' dir='ltr'>eonventum</span> <span class='ocrx_word' id='word_1_104' title='bbox 964 2639 1192 2726; x_wconf 85' lang='lat' dir='ltr'>eontingentes</span> <span class='ocrx_word' id='word_1_105' title='bbox 1222 2641 1259 2703; x_wconf 89' lang='lat' dir='ltr'>in</span> <span class='ocrx_word' id='word_1_106' title='bbox 1283 2638 1319 2704; x_wconf 81' lang='lat' dir='ltr'>lu</span> 
     </span>
     <span class='ocr_line' id='line_1_16' title="bbox 263 2741 1323 2830; baseline 0 -22"><span class='ocrx_word' id='word_1_107' title='bbox 263 2742 465 2809; x_wconf 79' lang='lat' dir='ltr'>Rowemerse</span> <span class='ocrx_word' id='word_1_108' title='bbox 486 2744 523 2807; x_wconf 94' lang='lat' dir='ltr'>in</span> <span class='ocrx_word' id='word_1_109' title='bbox 545 2748 640 2829; x_wconf 85' lang='lat' dir='ltr'>parte</span> <span class='ocrx_word' id='word_1_110' title='bbox 673 2741 812 2810; x_wconf 87' lang='lat' dir='ltr'>australi</span> <span class='ocrx_word' id='word_1_111' title='bbox 846 2748 882 2808; x_wconf 89' lang='lat' dir='ltr'>et</span> <span class='ocrx_word' id='word_1_112' title='bbox 913 2742 1064 2808; x_wconf 86' lang='lat' dir='ltr'>orientali</span> <span class='ocrx_word' id='word_1_113' title='bbox 1098 2743 1139 2808; x_wconf 88' lang='lat' dir='ltr'>de</span> <span class='ocrx_word' id='word_1_114' title='bbox 1163 2743 1198 2808; x_wconf 85' lang='lat' dir='ltr'>lo</span> <span class='ocrx_word' id='word_1_115' title='bbox 1222 2741 1323 2830; x_wconf 60' lang='lat' dir='ltr'>(irase</span> 
     </span>
     <span class='ocr_line' id='line_1_17' title="bbox 268 2843 1314 2932; baseline 0 -22"><span class='ocrx_word' id='word_1_116' title='bbox 268 2843 368 2932; x_wconf 73' lang='lat' dir='ltr'>orosto</span> <span class='ocrx_word' id='word_1_117' title='bbox 391 2845 432 2910; x_wconf 86' lang='lat' dir='ltr'>da</span> <span class='ocrx_word' id='word_1_118' title='bbox 463 2843 682 2922; x_wconf 84' lang='lat' dir='ltr'>Fouleswike,</span> <span class='ocrx_word' id='word_1_119' title='bbox 707 2866 776 2910; x_wconf 90' lang='lat' dir='ltr'>una</span> <span class='ocrx_word' id='word_1_120' title='bbox 805 2865 881 2912; x_wconf 89' lang='lat' dir='ltr'>oum</span> <span class='ocrx_word' id='word_1_121' title='bbox 911 2843 969 2910; x_wconf 92' lang='lat' dir='ltr'>illa</span> <span class='ocrx_word' id='word_1_122' title='bbox 999 2843 1130 2911; x_wconf 90' lang='lat' dir='ltr'>breohia</span> <span class='ocrx_word' id='word_1_123' title='bbox 1152 2867 1227 2930; x_wconf 84' lang='lat' dir='ltr'>quse</span> <span class='ocrx_word' id='word_1_124' title='bbox 1248 2845 1314 2910; x_wconf 87' lang='lat' dir='ltr'>fuit</span> 
     </span>
     <span class='ocr_line' id='line_1_18' title="bbox 263 2946 1317 3024; baseline -0.002 -12"><span class='ocrx_word' id='word_1_125' title='bbox 263 2946 379 3013; x_wconf 79' lang='lat' dir='ltr'>Alioiae</span> <span class='ocrx_word' id='word_1_126' title='bbox 411 2946 445 3012; x_wconf 89' lang='lat' dir='ltr'>la</span> <span class='ocrx_word' id='word_1_127' title='bbox 474 2947 634 3014; x_wconf 88' lang='lat' dir='ltr'>Paumere</span> <span class='ocrx_word' id='word_1_128' title='bbox 657 2948 698 3013; x_wconf 88' lang='lat' dir='ltr'>de</span> <span class='ocrx_word' id='word_1_129' title='bbox 721 2947 889 3024; x_wconf 89' lang='lat' dir='ltr'>Alintone,</span> <span class='ocrx_word' id='word_1_130' title='bbox 920 2968 996 3014; x_wconf 87' lang='lat' dir='ltr'>eum</span> <span class='ocrx_word' id='word_1_131' title='bbox 1026 2948 1179 3013; x_wconf 90' lang='lat' dir='ltr'>omnibus</span> <span class='ocrx_word' id='word_1_132' title='bbox 1213 2947 1317 3011; x_wconf 90' lang='lat' dir='ltr'>domi-</span> 
     </span>
     <span class='ocr_line' id='line_1_19' title="bbox 263 3048 1318 3135; baseline -0.001 -22"><span class='ocrx_word' id='word_1_133' title='bbox 263 3048 347 3114; x_wconf 90' lang='lat' dir='ltr'>niois</span> <span class='ocrx_word' id='word_1_134' title='bbox 380 3049 477 3114; x_wconf 88' lang='lat' dir='ltr'>terris</span> <span class='ocrx_word' id='word_1_135' title='bbox 511 3050 745 3135; x_wconf 86' lang='lat' dir='ltr'>praediotorum</span> <span class='ocrx_word' id='word_1_136' title='bbox 780 3048 911 3115; x_wconf 90' lang='lat' dir='ltr'>abbatis</span> <span class='ocrx_word' id='word_1_137' title='bbox 942 3054 977 3114; x_wconf 91' lang='lat' dir='ltr'>et</span> <span class='ocrx_word' id='word_1_138' title='bbox 1007 3054 1189 3116; x_wconf 81' lang='lat' dir='ltr'>conventus</span> <span class='ocrx_word' id='word_1_139' title='bbox 1212 3049 1318 3114; x_wconf 88' lang='lat' dir='ltr'>eidem</span> 
     </span>
     <span class='ocr_line' id='line_1_20' title="bbox 264 3151 1317 3238; baseline -0.002 -21"><span class='ocrx_word' id='word_1_140' title='bbox 264 3151 405 3218; x_wconf 84' lang='lat' dir='ltr'>braohiae</span> <span class='ocrx_word' id='word_1_141' title='bbox 435 3151 673 3237; x_wconf 80' lang='lat' dir='ltr'>adjacentibus,</span> <span class='ocrx_word' id='word_1_142' title='bbox 695 3153 739 3218; x_wconf 88' lang='lat' dir='ltr'>ab</span> <span class='ocrx_word' id='word_1_143' title='bbox 770 3151 893 3238; x_wconf 84' lang='lat' dir='ltr'>angulo</span> <span class='ocrx_word' id='word_1_144' title='bbox 924 3152 1109 3238; x_wconf 87' lang='lat' dir='ltr'>aquilonari</span> <span class='ocrx_word' id='word_1_145' title='bbox 1141 3152 1254 3217; x_wconf 77' lang='lat' dir='ltr'>orottae</span> <span class='ocrx_word' id='word_1_146' title='bbox 1277 3152 1317 3216; x_wconf 90' lang='lat' dir='ltr'>de</span> 
     </span>
     <span class='ocr_line' id='line_1_21' title="bbox 266 3251 1320 3340; baseline 0.002 -23"><span class='ocrx_word' id='word_1_147' title='bbox 266 3253 476 3340; x_wconf 85' lang='lat' dir='ltr'>Foulesvvyk‚</span> <span class='ocrx_word' id='word_1_148' title='bbox 499 3275 574 3339; x_wconf 87' lang='lat' dir='ltr'>quae</span> <span class='ocrx_word' id='word_1_149' title='bbox 596 3253 836 3340; x_wconf 71' lang='lat' dir='ltr'>appellaturis</span> <span class='ocrx_word' id='word_1_150' title='bbox 863 3251 980 3330; x_wconf 79' lang='lat' dir='ltr'>Iobok,</span> <span class='ocrx_word' id='word_1_151' title='bbox 1003 3253 1126 3320; x_wconf 70' lang='lat' dir='ltr'>duecte</span> <span class='ocrx_word' id='word_1_152' title='bbox 1149 3276 1252 3340; x_wconf 90' lang='lat' dir='ltr'>usque</span> <span class='ocrx_word' id='word_1_153' title='bbox 1275 3254 1320 3319; x_wconf 88' lang='lat' dir='ltr'>ad</span> 
     </span>
     <span class='ocr_line' id='line_1_22' title="bbox 266 3354 1319 3442; baseline 0.001 -22"><span class='ocrx_word' id='word_1_154' title='bbox 266 3357 432 3442; x_wconf 86' lang='lat' dir='ltr'>spinetum</span> <span class='ocrx_word' id='word_1_155' title='bbox 463 3354 504 3422; x_wconf 91' lang='lat' dir='ltr'>de</span> <span class='ocrx_word' id='word_1_156' title='bbox 527 3355 678 3433; x_wconf 87' lang='lat' dir='ltr'>Zattone,</span> <span class='ocrx_word' id='word_1_157' title='bbox 700 3376 770 3420; x_wconf 88' lang='lat' dir='ltr'>una</span> <span class='ocrx_word' id='word_1_158' title='bbox 792 3377 867 3422; x_wconf 88' lang='lat' dir='ltr'>oum</span> <span class='ocrx_word' id='word_1_159' title='bbox 897 3354 963 3418; x_wconf 91' lang='lat' dir='ltr'>illis</span> <span class='ocrx_word' id='word_1_160' title='bbox 985 3354 1093 3420; x_wconf 84' lang='lat' dir='ltr'>tribus</span> <span class='ocrx_word' id='word_1_161' title='bbox 1116 3355 1200 3422; x_wconf 89' lang='lat' dir='ltr'>aoris</span> <span class='ocrx_word' id='word_1_162' title='bbox 1222 3361 1319 3422; x_wconf 78' lang='lat' dir='ltr'>terne</span> 
     </span>
     <span class='ocr_line' id='line_1_23' title="bbox 267 3456 1319 3544; baseline 0 -20"><span class='ocrx_word' id='word_1_163' title='bbox 267 3464 301 3524; x_wconf 89' lang='lat' dir='ltr'>et</span> <span class='ocrx_word' id='word_1_164' title='bbox 323 3458 462 3524; x_wconf 91' lang='lat' dir='ltr'>dimidia</span> <span class='ocrx_word' id='word_1_165' title='bbox 483 3457 526 3523; x_wconf 88' lang='lat' dir='ltr'>ad</span> <span class='ocrx_word' id='word_1_166' title='bbox 549 3463 679 3544; x_wconf 89' lang='lat' dir='ltr'>portam</span> <span class='ocrx_word' id='word_1_167' title='bbox 695 3457 735 3523; x_wconf 88' lang='lat' dir='ltr'>de</span> <span class='ocrx_word' id='word_1_168' title='bbox 759 3456 981 3542; x_wconf 83' lang='lat' dir='ltr'>Fouleswyke</span> <span class='ocrx_word' id='word_1_169' title='bbox 1003 3478 1102 3543; x_wconf 87' lang='lat' dir='ltr'>super</span> <span class='ocrx_word' id='word_1_170' title='bbox 1123 3458 1156 3523; x_wconf 91' lang='lat' dir='ltr'>la</span> <span class='ocrx_word' id='word_1_171' title='bbox 1178 3458 1319 3535; x_wconf 85' lang='lat' dir='ltr'>Boume,</span> 
     </span>
     <span class='ocr_line' id='line_1_24' title="bbox 268 3559 1321 3645; baseline -0.001 -20"><span class='ocrx_word' id='word_1_172' title='bbox 268 3581 431 3627; x_wconf 81' lang='lat' dir='ltr'>unacum</span> <span class='ocrx_word' id='word_1_173' title='bbox 454 3559 513 3626; x_wconf 89' lang='lat' dir='ltr'>illa</span> <span class='ocrx_word' id='word_1_174' title='bbox 535 3559 669 3626; x_wconf 79' lang='lat' dir='ltr'>brechia</span> <span class='ocrx_word' id='word_1_175' title='bbox 703 3581 777 3645; x_wconf 86' lang='lat' dir='ltr'>quae</span> <span class='ocrx_word' id='word_1_176' title='bbox 804 3559 897 3644; x_wconf 82' lang='lat' dir='ltr'>jacet</span> <span class='ocrx_word' id='word_1_177' title='bbox 927 3559 1016 3624; x_wconf 84' lang='lat' dir='ltr'>inter</span> <span class='ocrx_word' id='word_1_178' title='bbox 1048 3559 1214 3626; x_wconf 82' lang='lat' dir='ltr'>brechiam</span> <span class='ocrx_word' id='word_1_179' title='bbox 1237 3559 1321 3625; x_wconf 91' lang='lat' dir='ltr'>Wil-</span> 
     </span>
     <span class='ocr_line' id='line_1_25' title="bbox 267 3659 1320 3748; baseline 0.003 -22"><span class='ocrx_word' id='word_1_180' title='bbox 267 3663 358 3728; x_wconf 87' lang='lat' dir='ltr'>lalmi</span> <span class='ocrx_word' id='word_1_181' title='bbox 382 3661 556 3727; x_wconf 80' lang='lat' dir='ltr'>Laofstone</span> <span class='ocrx_word' id='word_1_182' title='bbox 580 3667 614 3726; x_wconf 89' lang='lat' dir='ltr'>et</span> <span class='ocrx_word' id='word_1_183' title='bbox 636 3661 802 3728; x_wconf 82' lang='lat' dir='ltr'>Johannis</span> <span class='ocrx_word' id='word_1_184' title='bbox 825 3660 856 3725; x_wconf 84' lang='lat' dir='ltr'>la</span> <span class='ocrx_word' id='word_1_185' title='bbox 881 3659 974 3748; x_wconf 86' lang='lat' dir='ltr'>King</span> <span class='ocrx_word' id='word_1_186' title='bbox 996 3661 1032 3725; x_wconf 92' lang='lat' dir='ltr'>in</span> <span class='ocrx_word' id='word_1_187' title='bbox 1054 3667 1149 3748; x_wconf 87' lang='lat' dir='ltr'>parte</span> <span class='ocrx_word' id='word_1_188' title='bbox 1172 3663 1320 3741; x_wconf 80' lang='lat' dir='ltr'>australi,</span> 
     </span>
     <span class='ocr_line' id='line_1_26' title="bbox 268 3763 1322 3852; baseline 0.001 -22"><span class='ocrx_word' id='word_1_189' title='bbox 268 3771 303 3831; x_wconf 90' lang='lat' dir='ltr'>et</span> <span class='ocrx_word' id='word_1_190' title='bbox 337 3764 458 3830; x_wconf 77' lang='lat' dir='ltr'>eroltas</span> <span class='ocrx_word' id='word_1_191' title='bbox 494 3764 575 3830; x_wconf 83' lang='lat' dir='ltr'>Evae</span> <span class='ocrx_word' id='word_1_192' title='bbox 607 3765 648 3830; x_wconf 88' lang='lat' dir='ltr'>de</span> <span class='ocrx_word' id='word_1_193' title='bbox 683 3764 716 3829; x_wconf 86' lang='lat' dir='ltr'>la</span> <span class='ocrx_word' id='word_1_194' title='bbox 750 3763 856 3829; x_wconf 86' lang='lat' dir='ltr'>Mersa</span> <span class='ocrx_word' id='word_1_195' title='bbox 886 3763 923 3827; x_wconf 89' lang='lat' dir='ltr'>in</span> <span class='ocrx_word' id='word_1_196' title='bbox 956 3769 1050 3850; x_wconf 83' lang='lat' dir='ltr'>parte</span> <span class='ocrx_word' id='word_1_197' title='bbox 1072 3765 1263 3852; x_wconf 86' lang='lat' dir='ltr'>aquilonari,</span> <span class='ocrx_word' id='word_1_198' title='bbox 1288 3772 1322 3832; x_wconf 83' lang='lat' dir='ltr'>et</span> 
     </span>
     <span class='ocr_line' id='line_1_27' title="bbox 269 3865 1321 3954; baseline 0 -22"><span class='ocrx_word' id='word_1_199' title='bbox 269 3866 423 3932; x_wconf 86' lang='lat' dir='ltr'>extendit</span> <span class='ocrx_word' id='word_1_200' title='bbox 444 3887 479 3931; x_wconf 88' lang='lat' dir='ltr'>se</span> <span class='ocrx_word' id='word_1_201' title='bbox 502 3866 539 3930; x_wconf 87' lang='lat' dir='ltr'>in</span> <span class='ocrx_word' id='word_1_202' title='bbox 567 3869 662 3950; x_wconf 85' lang='lat' dir='ltr'>parte</span> <span class='ocrx_word' id='word_1_203' title='bbox 687 3865 840 3931; x_wconf 86' lang='lat' dir='ltr'>orientali</span> <span class='ocrx_word' id='word_1_204' title='bbox 872 3886 971 3951; x_wconf 86' lang='lat' dir='ltr'>super</span> <span class='ocrx_word' id='word_1_205' title='bbox 993 3871 1133 3932; x_wconf 87' lang='lat' dir='ltr'>stratam</span> <span class='ocrx_word' id='word_1_206' title='bbox 1155 3869 1321 3954; x_wconf 78' lang='lat' dir='ltr'>publicam</span> 
     </span>
     <span class='ocr_line' id='line_1_28' title="bbox 267 3965 1324 4056; baseline -0.001 -22"><span class='ocrx_word' id='word_1_207' title='bbox 267 3991 341 4056; x_wconf 83' lang='lat' dir='ltr'>quae</span> <span class='ocrx_word' id='word_1_208' title='bbox 364 3967 550 4055; x_wconf 85' lang='lat' dir='ltr'>appellatur</span> <span class='ocrx_word' id='word_1_209' title='bbox 564 3965 776 4053; x_wconf 85' lang='lat' dir='ltr'>Bathevveye,</span> <span class='ocrx_word' id='word_1_210' title='bbox 793 3974 827 4034; x_wconf 86' lang='lat' dir='ltr'>et</span> <span class='ocrx_word' id='word_1_211' title='bbox 848 3967 884 4032; x_wconf 94' lang='lat' dir='ltr'>in</span> <span class='ocrx_word' id='word_1_212' title='bbox 899 3973 993 4053; x_wconf 85' lang='lat' dir='ltr'>parte</span> <span class='ocrx_word' id='word_1_213' title='bbox 1009 3969 1203 4036; x_wconf 82' lang='lat' dir='ltr'>occidentali</span> <span class='ocrx_word' id='word_1_214' title='bbox 1226 3965 1324 4056; x_wconf 84' lang='lat' dir='ltr'>super</span> 
     </span>
     <span class='ocr_line' id='line_1_29' title="bbox 269 4069 1323 4155; baseline 0.001 -19"><span class='ocrx_word' id='word_1_215' title='bbox 269 4071 388 4137; x_wconf 91' lang='lat' dir='ltr'>silvam</span> <span class='ocrx_word' id='word_1_216' title='bbox 410 4069 549 4136; x_wconf 82' lang='lat' dir='ltr'>Roberti</span> <span class='ocrx_word' id='word_1_217' title='bbox 583 4069 726 4155; x_wconf 86' lang='lat' dir='ltr'>Kaynel,</span> <span class='ocrx_word' id='word_1_218' title='bbox 749 4075 783 4135; x_wconf 88' lang='lat' dir='ltr'>et</span> <span class='ocrx_word' id='word_1_219' title='bbox 813 4070 901 4155; x_wconf 80' lang='lat' dir='ltr'>ipsas</span> <span class='ocrx_word' id='word_1_220' title='bbox 925 4075 1028 4136; x_wconf 83' lang='lat' dir='ltr'>terras</span> <span class='ocrx_word' id='word_1_221' title='bbox 1051 4069 1208 4137; x_wconf 80' lang='lat' dir='ltr'>claudant</span> <span class='ocrx_word' id='word_1_222' title='bbox 1230 4079 1265 4138; x_wconf 90' lang='lat' dir='ltr'>et</span> <span class='ocrx_word' id='word_1_223' title='bbox 1286 4072 1323 4137; x_wconf 91' lang='lat' dir='ltr'>in</span> 
     </span>
     <span class='ocr_line' id='line_1_30' title="bbox 269 4169 1322 4261; baseline 0.003 -23"><span class='ocrx_word' id='word_1_224' title='bbox 269 4173 402 4238; x_wconf 88' lang='lat' dir='ltr'>defenso</span> <span class='ocrx_word' id='word_1_225' title='bbox 433 4175 570 4238; x_wconf 83' lang='lat' dir='ltr'>teneant</span> <span class='ocrx_word' id='word_1_226' title='bbox 601 4171 854 4257; x_wconf 86' lang='lat' dir='ltr'>imperpetuum.</span> <span class='ocrx_word' id='word_1_227' title='bbox 910 4169 966 4236; x_wconf 89' lang='lat' dir='ltr'>Ita</span> <span class='ocrx_word' id='word_1_228' title='bbox 999 4176 1111 4238; x_wconf 89' lang='lat' dir='ltr'>tamen</span> <span class='ocrx_word' id='word_1_229' title='bbox 1143 4174 1231 4260; x_wconf 91' lang='lat' dir='ltr'>quod</span> <span class='ocrx_word' id='word_1_230' title='bbox 1255 4197 1322 4261; x_wconf 85' lang='lat' dir='ltr'>prae</span> 
     </span>
     <span class='ocr_line' id='line_1_31' title="bbox 269 4271 1320 4359; baseline 0.003 -19"><span class='ocrx_word' id='word_1_231' title='bbox 269 4275 400 4340; x_wconf 86' lang='lat' dir='ltr'>defectu</span> <span class='ocrx_word' id='word_1_232' title='bbox 422 4273 598 4340; x_wconf 78' lang='lat' dir='ltr'>clausturae</span> <span class='ocrx_word' id='word_1_233' title='bbox 621 4271 658 4337; x_wconf 93' lang='lat' dir='ltr'>in</span> <span class='ocrx_word' id='word_1_234' title='bbox 681 4272 848 4359; x_wconf 83' lang='lat' dir='ltr'>praedictis</span> <span class='ocrx_word' id='word_1_235' title='bbox 862 4271 960 4337; x_wconf 89' lang='lat' dir='ltr'>terris</span> <span class='ocrx_word' id='word_1_236' title='bbox 981 4271 1088 4352; x_wconf 82' lang='lat' dir='ltr'>faotae,</span> <span class='ocrx_word' id='word_1_237' title='bbox 1110 4275 1224 4342; x_wconf 92' lang='lat' dir='ltr'>averia</span> <span class='ocrx_word' id='word_1_238' title='bbox 1247 4297 1320 4343; x_wconf 87' lang='lat' dir='ltr'>mea</span> 
     </span>
     <span class='ocr_line' id='line_1_32' title="bbox 270 4374 1323 4461; baseline 0.003 -19"><span class='ocrx_word' id='word_1_239' title='bbox 270 4377 325 4444; x_wconf 88' lang='lat' dir='ltr'>vel</span> <span class='ocrx_word' id='word_1_240' title='bbox 353 4375 512 4441; x_wconf 86' lang='lat' dir='ltr'>heredum</span> <span class='ocrx_word' id='word_1_241' title='bbox 542 4395 699 4453; x_wconf 88' lang='lat' dir='ltr'>meorum,</span> <span class='ocrx_word' id='word_1_242' title='bbox 722 4397 821 4461; x_wconf 88' lang='lat' dir='ltr'>super</span> <span class='ocrx_word' id='word_1_243' title='bbox 851 4374 1026 4461; x_wconf 78' lang='lat' dir='ltr'>praedictas</span> <span class='ocrx_word' id='word_1_244' title='bbox 1057 4381 1162 4442; x_wconf 85' lang='lat' dir='ltr'>terras</span> <span class='ocrx_word' id='word_1_245' title='bbox 1185 4378 1323 4444; x_wconf 88' lang='lat' dir='ltr'>inventa</span> 
     </span>
     <span class='ocr_line' id='line_1_33' title="bbox 269 4475 1324 4566; baseline 0 -22"><span class='ocrx_word' id='word_1_246' title='bbox 269 4499 337 4545; x_wconf 91' lang='lat' dir='ltr'>non</span> <span class='ocrx_word' id='word_1_247' title='bbox 359 4477 486 4564; x_wconf 85' lang='lat' dir='ltr'>possint</span> <span class='ocrx_word' id='word_1_248' title='bbox 508 4477 705 4563; x_wconf 87' lang='lat' dir='ltr'>imparkare,</span> <span class='ocrx_word' id='word_1_249' title='bbox 722 4498 783 4543; x_wconf 87' lang='lat' dir='ltr'>neo</span> <span class='ocrx_word' id='word_1_250' title='bbox 805 4475 933 4562; x_wconf 82' lang='lat' dir='ltr'>aliquas</span> <span class='ocrx_word' id='word_1_251' title='bbox 956 4477 1110 4544; x_wconf 82' lang='lat' dir='ltr'>emendas</span> <span class='ocrx_word' id='word_1_252' title='bbox 1133 4500 1247 4566; x_wconf 82' lang='lat' dir='ltr'>capere</span> <span class='ocrx_word' id='word_1_253' title='bbox 1269 4480 1324 4546; x_wconf 91' lang='lat' dir='ltr'>vel</span> 
     </span>
     <span class='ocr_line' id='line_1_34' title="bbox 270 4578 1322 4668; baseline 0.001 -20"><span class='ocrx_word' id='word_1_254' title='bbox 270 4583 409 4668; x_wconf 79' lang='lat' dir='ltr'>exigere.</span> <span class='ocrx_word' id='word_1_255' title='bbox 454 4581 500 4645; x_wconf 88' lang='lat' dir='ltr'>Et</span> <span class='ocrx_word' id='word_1_256' title='bbox 531 4580 568 4643; x_wconf 92' lang='lat' dir='ltr'>in</span> <span class='ocrx_word' id='word_1_257' title='bbox 602 4578 831 4646; x_wconf 87' lang='lat' dir='ltr'>testimonium</span> <span class='ocrx_word' id='word_1_258' title='bbox 864 4579 965 4665; x_wconf 90' lang='lat' dir='ltr'>hujus</span> <span class='ocrx_word' id='word_1_259' title='bbox 989 4582 1209 4650; x_wconf 77' lang='lat' dir='ltr'>concessionis</span> <span class='ocrx_word' id='word_1_260' title='bbox 1231 4605 1322 4660; x_wconf 80' lang='lat' dir='ltr'>meae,</span> 
     </span>
     <span class='ocr_line' id='line_1_35' title="bbox 270 4681 1324 4769; baseline 0.001 -20"><span class='ocrx_word' id='word_1_261' title='bbox 270 4685 332 4750; x_wconf 88' lang='lat' dir='ltr'>hoo</span> <span class='ocrx_word' id='word_1_262' title='bbox 354 4684 514 4769; x_wconf 84' lang='lat' dir='ltr'>seriptum</span> <span class='ocrx_word' id='word_1_263' title='bbox 537 4683 661 4748; x_wconf 86' lang='lat' dir='ltr'>eisdem</span> <span class='ocrx_word' id='word_1_264' title='bbox 683 4681 797 4748; x_wconf 88' lang='lat' dir='ltr'>abbati</span> <span class='ocrx_word' id='word_1_265' title='bbox 821 4688 856 4747; x_wconf 88' lang='lat' dir='ltr'>et</span> <span class='ocrx_word' id='word_1_266' title='bbox 887 4683 1067 4749; x_wconf 80' lang='lat' dir='ltr'>conventui</span> <span class='ocrx_word' id='word_1_267' title='bbox 1089 4684 1160 4763; x_wconf 86' lang='lat' dir='ltr'>feei,</span> <span class='ocrx_word' id='word_1_268' title='bbox 1184 4689 1219 4751; x_wconf 86' lang='lat' dir='ltr'>et</span> <span class='ocrx_word' id='word_1_269' title='bbox 1240 4685 1324 4751; x_wconf 92' lang='lat' dir='ltr'>illud</span> 
     </span>
     <span class='ocr_line' id='line_1_36' title="bbox 269 4783 1010 4874; baseline -0.005 -20"><span class='ocrx_word' id='word_1_270' title='bbox 269 4786 379 4874; x_wconf 84' lang='lat' dir='ltr'>sigillo</span> <span class='ocrx_word' id='word_1_271' title='bbox 401 4807 474 4852; x_wconf 87' lang='lat' dir='ltr'>meo</span> <span class='ocrx_word' id='word_1_272' title='bbox 496 4785 635 4872; x_wconf 88' lang='lat' dir='ltr'>signavi.</span> <span class='ocrx_word' id='word_1_273' title='bbox 681 4783 757 4850; x_wconf 90' lang='lat' dir='ltr'>Hiis</span> <span class='ocrx_word' id='word_1_274' title='bbox 779 4784 927 4864; x_wconf 86' lang='lat' dir='ltr'>testibus,</span> <span class='ocrx_word' id='word_1_275' title='bbox 952 4791 1010 4854; x_wconf 82' lang='lat' dir='ltr'>eto.</span> 
     </span>
    </p>
   </div>
   <div class='ocr_carea' id='block_1_8' title="bbox 0 0 1791 5810">
    <p class='ocr_par' dir='ltr' id='par_1_8' title="bbox 0 0 1791 5810">
     <span class='ocr_line' id='line_1_37' title="bbox 0 0 1791 5810; baseline 0 0"><span class='ocrx_word' id='word_1_276' title='bbox 0 0 1791 5810; x_wconf 95' lang='lat' dir='ltr'> </span> 
     </span>
    </p>
   </div>
  </div>
 </body>
</html>
