3524 5808
705 915 888 968 uersuum
912 917 947 966 11.
1290 901 1358 966 419

302 1102 338 1167 in
360 1102 459 1169 Turri
482 1102 640 1184 London’,
663 1121 744 1172 occo.
767 1101 805 1169 ti.
828 1102 870 1169 de
892 1100 1061 1189 praedictis
1095 1101 1126 1167 d.
1153 1100 1201 1179 lt,
1224 1104 1259 1167 61
1289 1099 1355 1166 Ro—

301 1205 395 1272 berto
425 1206 468 1272 de
490 1205 702 1284 Mildenhale,
724 1205 854 1273 custodi
876 1203 1055 1271 eorundem
1077 1202 1245 1291 jocalium,
1264 1223 1292 1270 6.
1317 1201 1356 1268 li.

300 1308 456 1391 residuas,
479 1314 515 1374 61
545 1330 604 1395 per
641 1308 730 1394 quod
755 1307 857 1374 breve
878 1329 938 1374 rex
971 1306 1146 1374 mandavit
1176 1305 1355 1373 baronibus

299 1410 388 1494 quod
410 1409 590 1498 praefatum
612 1410 767 1478 abbatem
790 1410 831 1476 de
853 1409 1022 1498 praedictis
1044 1409 1075 1477 d.
1098 1407 1164 1496 [11]
1183 1407 1355 1475 exonerari

299 1515 334 1576 et
356 1511 508 1598 quietum
539 1533 610 1580 6666
643 1511 776 1580 faciant
823 1511 869 1578 Et
894 1512 1074 1599 praedictus
1096 1509 1198 1578 abbas
1221 1511 1354 1597 quietus

298 1617 358 1680 661.

344 1713 462 1783 Frater
482 1715 652 1783 Johannes
675 1715 716 1782 (16
739 1715 916 1803 Tynteme,
931 1715 1035 1783 abbas
1056 1715 1098 1782 (16
1121 1715 1355 1800 Marmesbuxy,

300 1815 397 1883 debet
429 1818 459 1883 d.
490 1817 531 1884 de
554 1817 622 1884 fine
645 1838 705 1905 pro
729 1817 927 1884 omnimodis
951 1817 1274 1906 transgressionibus,
1297 1837 1354 1904 op·

300 1918 533 2005 pressionibus,
564 1917 818 1999 extortionibus,
853 1919 1015 2005 dampnis,
1037 1918 1287 2006 gravaminibus
1318 1923 1354 1984 et

299 2021 486 2087 excessibus
508 2022 698 2108 peripsum
719 2019 856 2088 fratrem
878 2021 1074 2100 iohannem,
1096 2021 1283 2089 iohannem
1314 2021 1356 2088 de

300 2123 517 2203 Rodebourn’,
543 2123 813 2192 commonachum
843 2123 989 2211 ejusdem
1012 2121 1152 2203 abbatis,
1174 2128 1210 2190 et
1232 2123 1354 2189 Henri-

300 2248 375 2294 cum
398 2226 440 2293 de
474 2225 710 2312 Badmyntone
741 2226 949 2314 perpetratis.
996 2225 1038 2290 In
1060 2225 1140 2312 orig.
1187 2223 1254 2291 Sed
1284 2245 1353 2291 non

300 2327 402 2394 debet
433 2328 513 2394 inde
538 2327 733 2396 summoniri
757 2349 817 2414 per
838 2328 939 2394 breve
960 2328 1048 2414 regie
1081 2325 1294 2394 irrotulatum
1317 2328 1354 2391 in

302 2429 525 2498 Memorandis
548 2429 590 2496 de
619 2450 708 2497 anno
730 2428 826 2516 xviij.
849 2429 950 2517 Regis
983 2428 1085 2515 hujus
1108 2428 1251 2495 termino
1277 2427 1354 2492 Hil-

300 2531 383 2598 larii.
429 2533 474 2598 In
496 2553 563 2618 quo
586 2531 677 2598 inter
699 2531 767 2598 alia
788 2531 990 2609 continetur,
1016 2531 1106 2616 quod
1139 2530 1229 2596 idem
1251 2528 1354 2596 abbas

300 2655 359 2720 pro
390 2633 514 2720 majore
548 2633 727 2701 securitate
749 2631 792 2699 de
813 2631 881 2698 fine
912 2631 1072 2720 praedicto
1093 2630 1165 2719 regi
1188 2630 1354 2710 solvendo,

301 2734 468 2819 quandam
499 2734 757 2822 recognitionem
788 2733 825 2798 in
858 2729 1355 2819 66666116616161161166616-

300 2837 408 2923 gentis
439 2836 533 2902 libris
555 2835 625 2924 regi
659 2835 756 2903 certis
789 2835 940 2901 terminis
962 2834 999 2900 in
1021 2834 1112 2904 dicte
1133 2833 1357 2922 recognitione

302 2937 466 3005 contentis
488 2937 665 3016 solvendis,
687 2936 774 3005 fecit.
823 2935 874 3004 Ac
896 2935 1050 3016 Berones,
1071 2956 1132 3024 pro
1154 2957 1193 3004 66
1208 2937 1298 3024 quod
1319 2935 1356 3002 in

302 3039 460 3107 extractis
482 3039 581 3106 dictae
603 3037 806 3106 cancellariae
827 3037 1008 3117 invenitur,
1031 3039 1122 3126 quod
1142 3038 1232 3105 idem
1254 3037 1357 3105 abbas

301 3141 400 3208 finem
438 3141 635 3229 pradictum
678 3162 738 3229 pro
778 3141 1016 3228 perdonatione
1059 3142 1358 3229 transgressionum

301 3244 535 3332 praedictarum
555 3243 717 3322 habenda,
740 3247 776 3310 61
797 3243 1054 3332 recognitionem
1077 3244 1118 3310 de
1141 3243 1240 3312 (116116
1261 3244 1357 3330 quin-

301 3347 410 3433 gentis
442 3345 536 3412 libris
558 3347 628 3433 regi
659 3345 746 3426 fecit,
769 3349 839 3412 tam
873 3346 1004 3412 easdem
1036 3345 1236 3434 quingentas
1257 3345 1358 3412 libras

302 3468 362 3534 pro
396 3447 486 3514 dicta
522 3447 768 3534 perdonatione,
807 3467 907 3533 quarn
944 3446 1121 3534 praedietes
1158 3447 1358 3536 quingentas

302 3549 402 3616 libras
433 3553 601 3637 praetextu
637 3546 869 3637 recognitionis
906 3547 1145 3635 praedicasse
1182 3549 1212 3615 si
1249 3553 1359 3615 essent

303 3651 442 3719 diversae
473 3673 611 3718 summae
641 3651 685 3718 ad
718 3672 800 3740 opus
836 3651 923 3739 regis
957 3651 1105 3739 exigunt,
1128 3655 1164 3718 et
1188 3672 1249 3738 per
1270 3651 1359 3738 quod

303 3754 404 3821 breve
440 3775 501 3821 rex
534 3754 673 3822 mandat
703 3752 892 3832 baronibus,
930 3754 1019 3840 quod
1051 3752 1221 3820 demandae
1259 3773 1359 3840 quam

303 3855 433 3923 faciunt
464 3856 603 3943 praefato
626 3855 741 3923 abbati
772 3855 815 3922 ad
849 3876 932 3943 opus
968 3854 1064 3944 regis,
1086 3861 1157 3922 tam
1179 3854 1360 3942 predictis

303 3957 334 4022 d
358 3955 395 4024 11
419 3957 461 4024 (16
476 3957 542 4024 fine
564 3956 733 4044 praedicto,
749 3976 850 4043 quarn
864 3977 925 4044 pro
947 3977 1009 4024 666
1025 3955 1062 4024 di.
1078 3955 1195 4024 solutis
1210 3955 1234 4023 J
1234 3955 1359 4024 ohenni

303 4059 346 4125 de
368 4057 463 4126 Flete
493 4060 622 4127 custodi
651 4059 810 4146 jocalium
841 4069 877 4125 et
905 4058 1046 4126 aliamm
1067 4079 1178 4126 rerum
1215 4059 1302 4146 regis
1324 4058 1361 4124 in

303 4159 402 4227 'Puni
440 4161 587 4230 London'
617 4162 735 4229 solutis
773 4160 907 4229 omnino
938 4160 1152 4247 supersederi,
1185 4165 1220 4228 et
1251 4161 1361 4248 ipsum

303 4265 458 4332 abbetem
491 4264 569 4331 inde
603 4264 775 4333 exonerari
805 4269 841 4331 et
862 4263 1014 4351 quietum
1043 4285 1114 4332 6666
1135 4263 1268 4334 facient
1299 4251 1361 4330 Ἐ1

303 4367 437 4453 quietus
459 4369 519 4433 661.
1070 4355 1074 4360 ’

372 4567 470 4634 Mem.
494 4567 535 4636 de
556 4567 725 4637 (66166116
746 4565 821 4637 loto
842 4587 944 4654 cuper
965 4563 1140 4655 resectione
1162 4561 1305 4632 66666111
1370 4597 1434 4651 gg,
1446 4597 1471 4651 b,

643 4669 777 4759 capella
799 4667 840 4737 dc
862 4668 1044 4736 thrltooe.

351 4805 514 4874 Ricardus
550 4806 592 4874 de
629 4806 876 4885 Northhavena,
906 4810 1014 4873 rector
1043 4801 1186 4874 ecclesiae
1215 4801 1257 4869 de
1296 4801 1360 4889 Sy·
1374 4805 1500 4889 uenena

306 4905 563 4998 monestergh’,
598 4907 853 4980 66666666
883 4907 1043 4988 acea,
1072 4903 1271 5076 vepepepa
1300 4925 1358 4993 pe.
1372 4877 1527 4995 gggggu
