3526 5810
484 888 680 938 REGISTRUM
703 889 1023 939 mcunssumnusn
1212 875 1277 942 243

232 1087 307 1132 mea
338 1068 538 1148 confirmavi,
576 1070 647 1136 Deo
684 1078 719 1137 et
757 1073 900 1138 ecclesiae
923 1073 1021 1138 Beati
1058 1072 1205 1138 Aidelmi
1236 1073 1277 1137 de
1290 1087 1341 1135 ano

233 1167 473 1250 Malmesburia,
496 1177 531 1236 et
560 1173 693 1237 domino
715 1172 880 1240 Willelm0
909 1175 1032 1254 abbati,
1055 1180 1089 1240 et
1110 1175 1278 1242 monachis
1290 1152 1414 1284 {mh

232 1271 355 1338 ibidem
387 1273 460 1339 Deo
492 1275 719 1354 servientibus,
748 1281 854 1342 totam
891 1284 1012 1343 terram
1050 1278 1141 1345 illam
1178 1301 1277 1365 quam
1289 1297 1308 1346 f.
1322 1301 1378 1349 254.

231 1371 333 1439 habui
355 1376 393 1441 in
414 1377 497 1443 villa
527 1379 568 1443 de
592 1377 796 1457 Oherletone‚
819 1381 906 1446 inter
932 1382 1080 1446 clausum
1111 1383 1277 1468 quondam

232 1475 347 1544 Atioiae
371 1479 458 1558 Oole,
482 1485 517 1545 et
545 1485 667 1548 terram
698 1481 863 1568 quondam
885 1482 1018 1548 Ricardi
1050 1483 1091 1548 de
1122 1483 1156 1549 la
1177 1483 1278 1570 Lupe,

231 1578 268 1643 in
290 1583 489 1648 escambium
515 1584 628 1650 croftas
650 1583 741 1649 illius
763 1607 838 1650 cum
861 1585 1048 1672 curtillogio
1070 1591 1105 1650 et
1127 1586 1278 1650 domibus

233 1682 338 1748 eidem
360 1685 596 1772 adjacentibus.
642 1687 750 1767 Quam
780 1688 913 1774 quidem
935 1689 1081 1766 crottam,
1105 1709 1179 1754 cum
1206 1709 1278 1754 cur·

232 1784 360 1873 tillagio
382 1793 417 1853 et
448 1789 600 1854 domibus
629 1791 804 1876 praedictio,
828 1790 996 1857 Johannes
1018 1791 1050 1856 le
1073 1791 1147 1878 Boy
1168 1791 1279 1856 tenuit

233 1887 269 1952 in
291 1889 524 1979 Brokeneberg
545 1893 586 1957 de
618 1892 712 1958 feodo
747 1893 926 1959 Clementis
961 1893 1099 1980 Sporun.
1145 1893 1280 1959 Haben-

234 1989 310 2055 dam
333 1995 368 2056 et
388 1994 564 2059 tenendam
596 1995 788 2079 praedictam
811 1999 941 2072 terram,
964 2016 1038 2061 cum
1071 1994 1280 2082 pertinentiis

234 2093 311 2171 suis,
332 2096 498 2179 praedictis
528 2096 642 2161 abbati
665 2102 699 2162 et
730 2099 908 2164 conventui
938 2103 973 2164 et
1006 2119 1119 2180 eorum
1152 2118 1278 2164 succes-

234 2196 361 2262 soribus
391 2198 500 2277 libere,
524 2200 647 2286 quiete,
670 2200 754 2266 bene
778 2205 812 2266 et
845 2201 882 2265 in
912 2221 1001 2286 paco,
1024 2201 1278 2288 imperpetuum.

234 2299 413 2366 Reddendo
435 2301 512 2367 inde
534 2303 708 2367 annuatim
730 2302 839 2380 michi,
870 2291 924 2368 ¹vel
946 2303 1121 2369 heredibus
1143 2302 1197 2369 vel
1230 2325 1282 2368 aa·

234 2401 373 2488 signatis
406 2404 494 2482 meis,
518 2405 554 2468 in
587 2403 673 2469 festo
700 2404 842 2482 Paschae,
866 2405 1037 2470 dimidiam
1072 2405 1190 2471 libram
1222 2427 1280 2492 cy-

233 2505 327 2589 myni
348 2526 409 2590 pro
432 2506 521 2571 omni
533 2507 671 2573 servicio
694 2507 840 2588 scemari,
856 2507 1028 2572 exactione
1050 2512 1085 2572 et
1107 2507 1278 2573 demanda.

235 2607 279 2672 Et
301 2630 361 2694 ego
384 2608 548 2674 Robertus
572 2614 605 2674 et
635 2609 769 2674 heredes
803 2609 857 2674 vel
888 2610 1047 2696 assignati
1079 2611 1153 2688 mei,
1175 2615 1282 2676 totam

236 2711 426 2795 praedictam
449 2716 571 2777 terram
593 2733 668 2776 oum
692 2711 843 2776 omnibus
865 2711 1076 2797 pertinentiis
1098 2713 1176 2790 suis,
1199 2733 1281 2798 prae-

237 2813 333 2879 dictis
354 2814 470 2878 abbati
492 2820 527 2879 et
549 2814 727 2879 conventui
753 2820 788 2880 et
810 2836 921 2881 eorum
954 2815 1192 2882 successoribus
1214 2836 1282 2879 wa-

237 2915 472 2980 rantizabimus
510 2920 544 2982 et
582 2915 796 2981 defendemus
834 2922 949 2982 contra
979 2938 1092 2982 omnes
1129 2915 1283 2981 mortales

238 3017 488 3104 imperpetuum.
545 3018 589 3082 Et
623 3016 651 3084 si
682 3039 742 3106 ego
774 3018 945 3096 Robertus,
979 3019 1032 3084 vel
1065 3018 1200 3084 heredes
1231 3018 1285 3082 vel

238 3119 398 3206 assignati
420 3119 493 3198 mei,
517 3117 709 3205 praedictam
732 3123 853 3185 terram
876 3119 917 3184 de
940 3117 1135 3186 Oherletone
1158 3140 1286 3184 waran-

238 3223 340 3288 tizare
372 3244 439 3288 non
473 3223 662 3309 poterimus,
697 3243 739 3286 ex
771 3226 852 3287 tunc
883 3222 1042 3307 praediota
1073 3221 1177 3289 crofta
1211 3243 1285 3288 oum

238 3324 432 3412 curtillagiis
463 3330 498 3389 et
528 3324 680 3390 domibus
711 3324 885 3411 praedictis,
909 3345 1009 3410 quam
1040 3324 1177 3391 crottam
1211 3344 1287 3389 cum

237 3427 445 3514 pertinentiis
468 3428 536 3492 suis
559 3428 735 3514 praedictis,
755 3427 906 3514 praedioti
932 3427 1034 3493 obbas
1057 3432 1092 3492 et
1105 3430 1287 3494 conventus

239 3531 340 3596 michi
363 3531 524 3596 dedenmt
546 3531 583 3594 in
605 3530 686 3596 villa
701 3529 741 3595 de
765 3529 1023 3616 Brokeneberge,
1045 3534 1230 3596 revertatur
1245 3529 1288 3594 cd

240 3631 412 3720 praedictos
434 3632 587 3698 abbatem
611 3637 647 3699 et
667 3637 874 3710 conventum,
899 3637 933 3698 et
955 3652 1068 3696 eorum
1082 3651 1286 3708 successores,

241 3736 311 3800 sine
342 3735 455 3822 aliqua
488 3735 747 3802 contradictione
782 3757 841 3801 seu
873 3734 1104 3801 reclamatione
1137 3735 1202 3800 mei
1234 3733 1288 3798 vel

240 3838 399 3904 heredum
429 3860 576 3904 meorum
609 3839 859 3925 imperpetuum.
904 3838 950 3902 Et
981 3843 1020 3903 ut
1052 3837 1124 3904 haec
1154 3837 1288 3902 donatio

242 3947 277 4008 et
298 3941 460 4008 concessio
482 3962 555 4008 mea
577 3939 673 4006 firma
695 3941 740 4006 sit
757 3946 792 4006 et
814 3940 949 4018 stabilis,
972 3940 1059 4007 hanc
1079 3944 1204 4006 curtem
1227 3938 1289 4004 eis-

242 4043 317 4109 dem
338 4043 453 4110 abbati
476 4048 511 4109 et
531 4043 711 4109 conventui
741 4042 813 4120 feci,
836 4048 870 4108 et
892 4065 965 4109 eum
986 4041 1096 4130 sigillo
1118 4063 1191 4108 meo
1224 4041 1289 4128 sig-

240 4147 328 4214 navi.
394 4146 470 4211 Hiis
507 4147 654 4224 testibus,
678 4145 819 4211 dominis
849 4145 1000 4212 Johenne
1031 4146 1181 4224 Maudut,
1212 4143 1289 4209 Gal-

241 4249 327 4314 frido
358 4249 399 4314 de
432 4247 544 4326 Morle,
576 4237 928 4326 militibus,'.10hanne
961 4247 1001 4313 de
1032 4247 1290 4334 Hanekyntone,

241 4351 386 4417 Roberto
409 4354 443 4414 et
465 4349 606 4416 Ricardo
644 4349 684 4414 de
721 4348 754 4415 la
786 4348 857 4428 Lea,
881 4348 1042 4434 Wyberto
1076 4350 1118 4415 de
1156 4347 1290 4414 Chorie-

242 4461 329 4532 tone,
361 4454 488 4540 Rogero
519 4453 589 4517 filio
621 4453 742 4539 Rogeri
774 4453 814 4518 de
849 4452 1053 4532 Ohedetone,
1085 4452 1229 4518 Henrioo
1259 4451 1290 4518 le

243 4559 340 4646 Say,
362 4556 528 4623 Willelmo
551 4557 591 4621 de
613 4555 879 4642 Tethyngedone,
903 4561 938 4622 et
959 4556 1041 4624 aliis.
