3578 5808
480 856 522 917 84
734 869 933 918 nemesium
957 868 1282 918 msiunseumsnsa

480 1062 594 1128 abbati
617 1067 651 1127 et
674 1059 852 1128 conventui
868 1059 1109 1140 solvendorum,
1123 1081 1200 1128 curn
1222 1048 1334 1128 debito
1349 1062 1533 1151 principaii,

481 1165 567 1230 sicut
589 1163 785 1250 praedictum
809 1167 866 1230 est.
919 1159 965 1227 nt
987 1183 1048 1250 ego
1070 1161 1235 1229 Robertus
1256 1167 1291 1228 et
1311 1161 1448 1232 herodes
1469 1167 1535 1231 mei

481 1267 654 1353 praedictos
677 1270 831 1337 abbetem
854 1277 888 1339 et
909 1272 1110 1338 conventum
1135 1272 1169 1330 et
1199 1287 1312 1333 eorum
1337 1287 1534 1334 successores

481 1367 522 1434 de
537 1375 626 1436 secte
649 1370 693 1436 ed
716 1374 840 1440 curiam
862 1373 1038 1440 abbatissa
1061 1369 1174 1434 debite
1189 1372 1224 1434 et
1246 1374 1413 1447 consueta,
1436 1375 1471 1436 et
1493 1370 1534 1438 de

480 1472 584 1559 reguli
604 1473 741 1540 servicio
765 1482 799 1540 et
816 1472 1117 1549 consuetudinibus,
1134 1471 1282 1537 serviciis
1304 1471 1483 1552 forinsecis,
1500 1479 1534 1538 et

482 1574 523 1640 de
546 1576 699 1640 omnibus
721 1577 795 1643 eliis
816 1579 1011 1656 redditibus,
1035 1581 1070 1641 et
1093 1572 1241 1640 serviciis
1266 1579 1335 1640 tam
1357 1574 1533 1642 abbatissas

482 1699 581 1764 quam
600 1678 673 1744 aliis
689 1681 810 1747 debitis
832 1689 867 1748 et
890 1679 1063 1756 consuetis,
1078 1677 1340 1764 acquietabimus
1363 1683 1398 1743 et
1420 1677 1534 1744 defen·

482 1781 604 1846 demus.
652 1781 697 1846 Et
718 1783 747 1847 si
770 1785 941 1871 continget
964 1782 1053 1870 quod
1074 1801 1135 1867 ego
1157 1779 1213 1845 vel
1236 1779 1372 1845 heredes
1395 1779 1460 1845 mei
1491 1780 1533 1845 ab

481 1883 592 1970 utiquo
614 1883 811 1970 implaciteti
824 1887 994 1963 fuerimus,
1010 1886 1060 1951 ita
1075 1883 1163 1970 quod
1186 1886 1338 1968 oporteat
1360 1882 1534 1978 praedictos

481 1986 635 2051 abbatem
665 1991 699 2052 εὴ
727 1995 927 2055 conventum
958 1987 1125 2076 placitare,
1148 1985 1315 2052 occasione
1339 1983 1429 2071 quod
1450 2005 1533 2071 prae·

481 2089 586 2156 dictes
610 2092 715 2154 terras
745 2111 819 2156 oum
845 2091 1054 2178 pertinentiis
1080 2089 1164 2156 mihi
1187 2093 1221 2153 et
1247 2087 1423 2153 heredibus
1453 2088 1534 2153 meis

479 2192 523 2258 ed
538 2191 626 2256 feodi
650 2189 778 2257 firmam
798 2193 1015 2271 tradiderunt,
1039 2192 1200 2279 placitum
1225 2182 1454 2257 communibus
1476 2211 1533 2254 ex·

480 2293 591 2380 pensis
621 2293 864 2362 sustinebimus.
923 2297 965 2361 In
987 2295 1081 2381 cujus
1113 2295 1161 2359 rci
1185 2293 1416 2358 testimonium
1446 2291 1533 2358 hano

480 2402 605 2462 cartam
630 2397 753 2463 eisdem
780 2398 894 2464 abbati
917 2403 952 2464 et
974 2397 1155 2464 conventui
1177 2395 1241 2463 feei
1267 2401 1302 2461 et
1325 2393 1433 2482 sigillo
1460 2415 1533 2460 mec

481 2501 619 2586 signavi.
666 2500 743 2565 Hiis
768 2501 919 2580 testibus,
942 2505 1002 2566 etc.

859 2875 939 2940 Car.
964 2871 1146 2940 CCXXVI.

479 3053 583 3120 Corte
599 3051 735 3121 Romo·
751 3049 828 3139 filit
859 3049 1022 3118 Willolms'
1054 3049 1082 3117 le
1112 3049 1264 3117 Seocscal
1288 3047 1328 3117 de
1351 3053 1532 3118 wneewbto

857 3175 917 3220 suo
942 3154 984 3221 in
1013 3153 1154 3220 coorta.

310 3333 433 3384 santos
521 3327 636 3396 Sciant
658 3335 835 3417 praesentes
859 3333 894 3395 et
915 3329 1021 3394 futuri
1044 3330 1133 3416 quod
1156 3349 1217 3416 ego
1246 3328 1413 3396 Robcrtus
1442 3329 1530 3396 iilius

307 3400 453 3520 ξξξξεῗὴῖῗ
475 3431 632 3497 Willelmi
656 3433 686 3498 le
710 3431 885 3499 Senesehal
909 3432 949 3498 de
972 3431 1122 3508 Oulsme,
1147 3431 1230 3510 dedi,
1247 3433 1399 3514 concessi,
1415 3437 1449 3498 et
1470 3432 1532 3499 hac

475 3535 629 3622 praesenti
660 3539 751 3600 carta
780 3555 853 3600 mee
883 3535 1074 3602 confirmavi
1097 3534 1169 3600 Deo
1199 3538 1234 3600 et
1263 3534 1406 3601 ecelesiae
1436 3535 1531 3601 Beati

474 3636 642 3703 Aldhelmi
666 3637 707 3702 de
723 3636 966 3714 Malmesburia,
983 3643 1018 3702 et
1039 3636 1153 3702 abbati
1176 3640 1211 3702 et
1225 3636 1394 3703 monachis
1409 3636 1531 3704 ibidem

474 3739 546 3804 Deo
569 3739 796 3816 servientibus,
821 3739 857 3802 in
878 3736 1025 3816 liberem,
1048 3758 1165 3824 puram
1189 3743 1224 3804 et
1253 3744 1446 3825 perpetuam
1468 3739 1531 3804 ele·

474 3841 643 3918 mosinsm,
678 3845 787 3906 totum
819 3845 1044 3906 tenementum
1079 3839 1167 3926 quod
1197 3841 1289 3904 tenui
1325 3841 1365 3905 de
1400 3840 1531 3906 domino

476 3943 623 4008 Waltero
653 3943 693 4007 de
722 3942 944 4008 Dunstenvile
976 3943 1012 4007 in
1042 3941 1189 4008 manerio
1220 3940 1261 4006 de
1285 3939 1431 4020 Omeros,
1455 3961 1529 4008 eum

476 4043 616 4123 dotibus,
641 4045 800 4123 domibus,
817 4043 1021 4131 curtillagiis
1038 4043 1160 4121 croftis,
1184 4064 1259 4109 cum
1280 4045 1402 4131 gravis,
1417 4045 1530 4130 pratis,

355 4163 358 4169 '
476 4147 629 4233 pasohuis
660 4151 694 4212 et
723 4145 878 4233 pasturis,
900 4150 935 4211 et
968 4167 1044 4211 eum
1067 4145 1198 4224 wardis,
1220 4145 1362 4224 releviis,
1386 4145 1530 4226 heristis,

475 4248 642 4326 eschaetis,
667 4247 866 4326 tenentibus,
889 4247 1083 4326 redditibus,
1106 4247 1259 4325 serviciis,
1284 4253 1319 4314 et
1350 4267 1425 4314 oum
1456 4247 1531 4314 eliis

475 4351 572 4415 rebus
596 4350 757 4428 omnibus,
782 4347 1000 4427 libertatibus,
1024 4353 1059 4415 et
1084 4347 1197 4415 liberis
1227 4349 1530 4438 consuetudinibus,

475 4452 518 4518 ad
540 4453 736 4539 praedictum
759 4456 985 4517 tenementum
1015 4451 1127 4537 aliquo
1159 4451 1256 4518 modo
1278 4451 1529 4538 pertinentibus,

475 4553 545 4618 sine
568 4552 637 4620 ullo
659 4558 902 4619 retenemento:
932 4551 1122 4619 habendum
1145 4559 1180 4618 et
1210 4553 1391 4619 tenendum
1421 4558 1530 4620 totum

474 4655 669 4740 praedictum
692 4659 931 4748 tenementum,
950 4677 1026 4723 eum
1049 4655 1203 4722 omnibus
1225 4656 1473 4743 praenominatis
1496 4661 1530 4722 et

474 4758 626 4824 omnibus
641 4758 716 4824 aliis
738 4759 950 4845 pertinenciis
972 4759 1049 4836 suis,
1072 4757 1239 4845 praedictis
1262 4758 1376 4826 abbati
1399 4763 1433 4824 et
1455 4779 1531 4825 con·
