3514 5818
744 821 908 872 rnsrson
1264 803 1349 872 lxvii

328 1009 399 1083 Gap.
417 1009 481 1066 XL.
501 1010 591 1066 Certa
616 1011 753 1082 Orongiae
778 1010 911 1066 Palmere
939 1009 975 1064 de
1005 1014 1174 1065 tenemento
1200 1027 1235 1065 ex
1260 1027 1348 1082 oppo-

451 1093 509 1150 sito
528 1092 675 1149 Gilhaldse
692 1099 796 1150 voeato
825 1092 954 1158 Selkeld,
974 1092 1053 1147 faeta
1077 1091 1164 1147 albari
1182 1093 1216 1147 B.
1243 1092 1347 1148 Mariae

452 1177 486 1232 in·
502 1177 627 1233 ecelesia
645 1177 747 1233 Malm.

413 1261 494 1316 XLI.
515 1261 605 1316 Carta
622 1260 766 1316 Iohannis
785 1260 924 1330 Lusbelye
947 1260 1026 1314 faeta
1044 1258 1170 1314 Ricardo
1198 1253 1347 1317 ie'Worre

452 1346 487 1400 de
507 1345 607 1400 Malm.
627 1346 709 1400 redd.
729 1361 909 1414 perannum
928 1343 1048 1412 capellae
1065 1341 1099 1397 B.
1120 1342 1223 1398 Mariae
1240 1341 1290 1397 xii.
1303 1344 1331 1398 d.

416 1429 513 1483 XLII.
535 1427 624 1483 carte
650 1427 755 1483 Aiioiae
781 1427 908 1496 Benling
932 1427 968 1481 de
996 1425 1082 1480 domo
1100 1425 1220 1482 rhome
1246 1426 1345 1482 Made-

451 1512 561 1567 bourne
577 1511 663 1581 juxta
680 1509 913 1566 Loureebourne.

413 1595 530 1652 XLHI.
550 1595 639 1651 Carta
651 1593 793 1650 Willelmi
805 1594 841 1649 de
857 1591 1060 1648 Hunlavinton
1078 1599 1109 1648 eb
1124 1592 1228 1648 Aiioiae
1247 1593 1346 1650 uxoris

452 1680 531 1734 facta
548 1677 647 1734 abbati
659 1683 690 1732 eb
707 1676 866 1732 conventui
883 1677 920 1732 de
938 1694 997 1732 uno
1009 1676 1175 1746 messuagio
1187 1675 1219 1732 in
1235 1676 1346 1748 Magna

453 1761 554 1818 Serere
571 1763 607 1817 de
626 1761 712 1817 feodo
729 1759 856 1820 Walteri
875 1751 912 1815 de
931 1759 1083 1830 Esselegh.

414 1844 523 1901 XLIV.
544 1844 634 1900 Carta
651 1844 755 1915 Helyee
773 1842 828 1896 filii
840 1841 975 1913 Wyberti
992 1843 1029 1897 de
1041 1841 1198 1898 Gherlebon
1216 1843 1253 1898 de
1271 1861 1345 1899 mes·

452 1929 555 1999 enegio
573 1943 676 1983 versus
703 1926 857 1997 parvulam
884 1929 1000 1996 portam
1027 1925 1105 1981 fecta
1131 1926 1218 1982 altari
1245 1928 1345 1984 Beabae

450 2011 555 2066 Marisa
574 2008 727 2066 Malmesb.

415 2093 507 2150 XLV.
528 2093 617 2149 Carta
634 2091 785 2148 Kaberinae
799 2089 911 2146 relicus
929 2091 1076 2160 quondam
1088 2091 1225 2162 Hugonis
1244 2093 1346 2165 clepet

450 2177 529 2231 faeta
546 2176 608 2231 Deo
635 2181 667 2230 eb
693 2173 833 2230 luminari
851 2174 885 2228 B.
911 2173 1015 2228 Marisa
1045 2174 1082 2229 de
1108 2175 1229 2231 redditu
1254 2177 1294 2248 vj.
1315 2179 1342 2234 d.

451 2257 686 2330 provenientium
714 2257 750 2312 de
776 2256 1014 2328 procuratoribus
1039 2256 1156 2312 servicii
1181 2258 1215 2314 B.
1241 2259 1345 2318 Mariae

452 2348 482 2397 et
502 2341 531 2397 S.
551 2341 645 2397 Pauli.

416 2426 524 2481 XLVI.
553 2425 643 2480 Garbe
669 2423 784 2479 Griffini
803 2425 839 2479 de
869 2422 990 2479 redditu
1013 2423 1104 2483 xiid.
1128 2425 1207 2481 faeta
1226 2428 1345 2498 capellas

452 2511 486 2564 B.
505 2508 609 2564 Mariae
627 2509 663 2563 de
681 2507 837 2563 heredibus
855 2507 999 2563 willelmi
1015 2507 1176 2564 Aurifabri.

416 2591 543 2648 XLVII.
564 2591 653 2647 Certa
679 2590 801 2646 Robern
826 2591 862 2645 de
881 2591 1003 2650 Colerne
1030 2592 1108 2647 faeta
1125 2593 1187 2648 Deo
1206 2599 1236 2652 et
1260 2595 1346 2671 altari

453 2676 486 2730 B.
507 2673 609 2729 Mariae
627 2675 664 2730 de
682 2692 741 2730 uno
762 2673 914 2744 mesuagio
932 2673 964 2728 in
982 2674 1083 2730 Esheb
1100 2693 1178 2732 nune
1195 2675 1228 2732 in
1254 2679 1347 2734 muris

454 2758 576 2814 abbatis.

416 2842 560 2899 XLVIII.
581 2840 670 2898 Oarba
686 2841 828 2898 Willelmi
847 2842 945 2898 Foliob
962 2843 998 2900 de
1017 2860 1077 2898 una
1092 2861 1160 2900 area
1173 2844 1260 2916 juxta
1277 2847 1346 2902 stal-

454 2925 497 2980 los
516 2925 595 2980 faots
612 2925 767 2996 Radulpho
786 2925 929 2980 Mellnrio.

418 3007 528 3062 XLIX.
557 3007 647 3063 Oarba
676 3007 845 3079 Randulphi
875 3007 1004 3064 Mellarii
1032 3009 1110 3065 faeta
1136 3010 1285 3068 Hunfrido
1311 3014 1348 3070 de

453 3091 679 3146 Brenkeworbhe
699 3091 735 3147 de
755 3089 868 3146 duabus
886 3091 976 3147 seldis
990 3091 1078 3162 juxta
1095 3094 1205 3150 stallos.

420 3175 452 3230 L.
473 3173 562 3230 (Iarba
586 3173 729 3230 Hunfridi
756 3174 793 3230 de
819 3172 1031 3230 Brenkeworbh
1057 3176 1093 3232 de
1120 3177 1234 3234 duabus
1258 3181 1348 3236 seldis

449 3259 537 3330 juxta
560 3259 661 3315 stallos
688 3258 767 3313 faeta
791 3257 829 3313 ad
859 3257 1003 3314 luminare
1033 3258 1067 3314 B.
1095 3258 1198 3317 Mariae
1225 3261 1348 3319 abbatim

454 3341 587 3397 Malmes.

310 3469 313 3478 .
420 3424 470 3480 LI.
491 3423 580 3480 Carta
597 3423 746 3480 Iidmundi
766 3425 802 3480 de
822 3423 950 3480 Goumbe
963 3424 999 3481 de
1015 3425 1133 3482 redditu
1151 3425 1182 3483 ii.
1202 3429 1349 3487 seldamm

455 3507 534 3578 apud
552 3507 652 3562 stallos
670 3506 748 3562 facta
766 3505 895 3562 Johunni
912 3506 1087 3578 Wyreesber.

421 3603 488 3657 LII.
509 3599 597 3657 (Iarba
610 3600 753 3657 Iohannis
766 3602 949 3672 Wyrsoetere
967 3603 1003 3658 de
1021 3603 1140 3660 redditu
1158 3605 1350 3665 insaniarum

452 3684 535 3758 apud
553 3684 654 3738 essuos
673 3683 752 3738 faeta
769 3683 867 3739 abbati
885 3691 917 3740 eb
934 3688 1091 3742 conventui
1109 3687 1241 3746 Malmes.

420 3779 505 3834 LIII.
526 3777 614 3834 Curua
631 3776 775 3833 Iohannis
793 3778 953 3834 Wiruebere
970 3780 1007 3835 de
1022 3781 1141 3837 reddibu
1158 3782 1189 3838 ii.
1203 3784 1349 3841 seldenum

456 3862 534 3933 apud
551 3862 652 3917 stallos
670 3861 749 3917 faeta
766 3861 863 3917 abbati
881 3869 911 3918 eb
929 3865 1085 3921 conventui
1103 3866 1254 3924 Malmesb.

421 3959 523 4014 LIIII.
820 3955 825 4027 Ι
879 3957 949 4030 Cap.
969 3959 1139 4028 ccccm„
1154 3963 1189 4019 R.
1203 3963 1236 4020 Ο.

422 4055 483 4110 LV.
504 4054 593 4110 Carta
605 4052 754 4108 Edmundi
773 4054 809 4110 de
823 4053 931 4110 Combe
949 4056 985 4111 de
998 4057 1116 4113 redditu
1134 4058 1166 4113 in
1183 4065 1351 4118 benemenbo

456 4138 575 4208 Nyman
593 4137 625 4192 in
643 4137 793 4208 Wesbport
810 4138 888 4193 faeta
906 4136 1035 4196 Johnnni
1052 4141 1220 4200 Wireesber.

422 4233 500 4290 LVI.
521 4232 610 4288 Onrba
634 4231 735 4287 Alieiae
762 4231 831 4290 filie
858 4233 982 4290 Raurici
1006 4237 1042 4292 de
1068 4237 1250 4296 Helenumbe
1274 4241 1353 4298 foeba

458 4316 607 4374 Willelmo
635 4316 663 4371 le
683 4315 809 4372 Soiabber
836 4317 872 4372 de
899 4317 919 4374 i.
945 4320 1096 4393 mesuagio
1122 4339 1190 4378 eum
1216 4323 1296 4381 fonte
1321 4331 1352 4382 et

458 4398 615 4470 curtilagio
633 4399 664 4452 in
681 4400 878 4470 Westporthe.
1186 4421 1187 4426 ¹

425 4495 520 4552 LVII.
541 4495 631 4552 Carta
647 4495 791 4552 Willelmi
810 4496 954 4554 Solatiere
981 4498 1059 4556 saeba
1077 4499 1206 4558 Johnnni
1232 4503 1298 4561 sore
1316 4506 1352 4562 de

459 4595 519 4634 uno
538 4578 631 4634 orosto
649 4595 717 4634 eum
735 4579 816 4635 fonte
834 4584 865 4634 et
881 4580 1039 4654 sortilegio
1056 4582 1088 4638 in
1105 4585 1264 4657 Westport.

431 4676 544 4732 LVIII.
577 4676 666 4732 Carta
700 4675 842 4733 Wiilelmi
871 4678 991 4734 Hensex
1020 4681 1097 4737 foeba
1133 4681 1219 4739 albari
1255 4685 1354 4742 Beata

463 4760 566 4816 Mariae
584 4760 620 4816 de
638 4759 733 4816 tribus
751 4760 924 4832 messuagiis
942 4761 974 4818 in
991 4763 1147 4836 Wsstporb.
