3524 5808
687 915 865 965 mrnunrx
888 917 909 963 1.
1261 898 1326 966 379

337 1101 424 1168 Item
472 1101 596 1168 ibidem
650 1101 764 1178 caruc',
813 1099 846 1164 ii.
895 1099 988 1176 herc’,
1038 1100 1149 1178 socur’,
1193 1101 1329 1188 ligones,

277 1204 412 1282 trubul'‚
448 1205 554 1291 vang',
587 1225 690 1280 cuvae,
731 1204 849 1279 stond’,
887 1224 1018 1280 mensae,
1053 1202 1150 1270 scalae
1189 1208 1224 1268 et
1260 1203 1326 1267 alia

277 1306 432 1372 utensilia
465 1326 538 1392 quae
572 1327 639 1371 non
662 1306 903 1392 appreciantur.
950 1305 1036 1370 Item
1062 1327 1160 1381 aucae,
1184 1326 1331 1391 capones,

276 1408 416 1494 gallinae,
452 1407 612 1473 similiter.
668 1408 755 1472 Item
793 1407 899 1473 cordae
937 1408 979 1471 ad
1018 1411 1178 1472 carentani
1217 1412 1252 1470 et
1289 1407 1332 1470 ad

276 1509 424 1596 plaustra
456 1511 501 1574 iii.
559 1510 722 1576 Omnibus
754 1509 973 1574 servientibus
1005 1509 1179 1576 liberatam
1209 1509 1332 1574 haben-

278 1613 368 1677 tibus
392 1635 496 1700 usque
529 1613 572 1678 ad
596 1613 820 1678 Nativitatem
844 1611 957 1676 Beatae
977 1611 1100 1692 Mariae,
1124 1616 1245 1698 praeter
1266 1633 1332 1675 ser·

278 1715 425 1780 viantem
447 1714 672 1800 principalem,
698 1715 755 1799 qui
778 1713 880 1779 habet
903 1713 1078 1778 liberatam
1110 1733 1203 1778 suam
1228 1733 1331 1797 usquo

277 1817 319 1882 ad
358 1817 508 1902 vigiliam
547 1817 662 1882 Sancti
701 1816 880 1881 Laurentii.
944 1816 994 1882 De
1041 1816 1174 1881 redditu
1212 1815 1330 1890 assisae,

278 1919 395 1984 xxxix.
408 1942 432 1984 s.
475 1918 526 1984 De
564 1917 799 1995 Cherechsect',
830 1914 873 1982 xl.
909 1917 1049 2006 gallinae.
1095 1917 1146 1982 De
1180 1916 1332 2003 operibus

279 2020 586 2097 consuetudinariis,
600 2043 631 2086 x.
648 2044 673 2085 a.
719 2021 769 2085 De
785 2025 929 2106 pastura,
944 2041 968 2084 x
997 2043 1019 2084 a.
1059 2017 1204 2096 Summa,
1227 2017 1297 2082 lxii.
1309 2041 1331 2082 s.

279 2125 336 2190 iiii.
360 2123 391 2190 d.
452 2123 550 2200 Aula,
573 2145 709 2200 camera,
742 2123 928 2209 pistrinum,
961 2123 1156 2208 garnerium,
1184 2121 1332 2206 coquina,

278 2226 400 2312 tegulis
423 2226 505 2291 bene
534 2231 693 2312 cooperta.
742 2225 896 2311 Grangia,
919 2225 1062 2301 boveria,
1086 2223 1226 2300 stabula,
1250 2227 1331 2287 stra-

279 2330 367 2394 mine
397 2329 480 2394 bene
504 2334 673 2415 coopertae.
721 2326 914 2403 Gardinum,
946 2327 1133 2407 vivarium3
1157 2331 1190 2392 ot
1223 2327 1333 2391 omnia

280 2453 354 2517 quae
378 2430 421 2496 ad
454 2451 571 2495 manus
602 2434 681 2494 sunt
704 2429 885 2495 necessaria
908 2429 977 2493 sine
1000 2426 1112 2513 aliquo
1144 2428 1273 2492 defectu
1297 2429 1333 2491 in

282 2534 368 2600 bono
392 2539 484 2599 statu
508 2534 688 2598 traduntur
710 2533 907 2618 coquinario.

310 2873 409 2942 Libri
433 2884 462 2942 at
486 2887 689 2946 oroomcnta
713 2879 853 2946 ecclesian
876 2903 951 2967 qrcca
968 2881 1081 2966 frater
1114 2880 1295 2947 Willclraus
1344 2890 1363 2940 f.
1379 2896 1405 2940 ιι
1421 2888 1443 2941 t.

596 2983 696 3048 Favet
720 2983 917 3069 Morciaivr't.

327 3175 386 3241 Hii
421 3185 501 3244 sunt
534 3179 611 3245 libri
644 3185 678 3245 et
715 3187 910 3247 ornamenta
948 3181 1090 3248 ecclesiae
1129 3203 1203 3268 quae
1230 3183 1494 3250 fraternooksand

282 3278 469 3346 Willelmus
492 3281 595 3347 Favel
629 3283 813 3369 adquisivit
842 3289 990 3369 tempore
1013 3307 1082 3360 suc,
1106 3291 1139 3350 ot
1173 3307 1212 3350 ea
1244 3273 1488 3398 bonagg'ssffgfflnents

280 3380 456 3448 devotione
479 3383 550 3450 Deo
573 3390 607 3449 et
629 3386 771 3450 ecclesiae
796 3385 910 3452 Sancti
933 3385 1102 3452 Aldhelmi
1125 3387 1224 3453 dedit.
1343 3401 1458 3464 bme.

326 3483 425 3550 Liber
459 3487 499 3551 de
528 3486 674 3552 Ciuitate
701 3487 772 3564 Dei,
797 3488 833 3552 in
867 3510 932 3573 quo
964 3491 1176 3555 continentur
1205 3495 1330 3576 septem
1343 3467 1429 3582 {2}ss

281 3587 366 3654 libri.
1343 3599 1457 3649 anniver-

326 3691 425 3756 Liber
447 3693 628 3780 Augustini
651 3697 766 3758 contra
789 3692 958 3760 Faustum.
1004 3695 1050 3760 Et
1072 3696 1155 3760 liber
1175 3697 1216 3762 de
1240 3695 1330 3762 Bono
1343 3665 1472 3783 {ffiom

282 3793 409 3859 Mortis.
1343 3801 1411 3864 kept.

327 3895 426 3960 Liber
448 3896 637 3962 Aristotelis
661 3898 702 3963 de
724 3899 898 3964 Diuisione
922 3899 1126 3966 Animalium
1158 3913 1192 3966 et
1215 3901 1332 3967 Cordis

282 3995 487 4064 Diversitate
510 4005 545 4065 et
567 4000 716 4065 Partium
740 4000 921 4067 Divisione.

256 4169 260 4176 ,
327 4098 526 4166 Psalterium
563 4102 738 4189 glosatum,
761 4109 796 4168 et
822 4103 915 4168 aliud
950 4126 1108 4190 magnum
1140 4106 1334 4192 psalterium

283 4203 370 4288 quod
394 4204 482 4269 idem
505 4204 691 4269 Willelmus
714 4205 811 4270 scribi
836 4207 922 4271 fecit.

327 4305 450 4371 Casula
472 4306 512 4370 de
536 4307 644 4392 pretio
667 4329 771 4372 xxxv.
795 4331 817 4372 s.

327 4405 412 4473 Dure
435 4407 518 4474 albae
542 4431 616 4474 cum
648 4410 785 4496 peruris,
808 4409 894 4476 stola
917 4415 952 4476 et
973 4412 1142 4498 manipulo
1165 4413 1206 4478 de
1229 4415 1335 4500 pretio

283 4512 326 4576 vi.
351 4533 533 4578 marcarum
558 4519 592 4577 et
615 4512 768 4579 dimidiae.

329 4613 464 4678 litura
485 4635 568 4700 capa
590 4616 632 4680 ad
655 4616 790 4681 chorum
813 4617 854 4681 dc
878 4619 984 4704 pretio
1007 4641 1037 4682 x.
1063 4641 1252 4686 marcarum.

335 4715 379 4781 Et
402 4737 469 4781 una
491 4715 603 4782 casula
624 4717 665 4782 de
688 4718 790 4804 pallio
817 4720 861 4785 ad
884 4719 1007 4786 Album
1033 4721 1271 4790 Monasterium
1294 4725 1335 4790 de

283 4820 389 4914 pretio
413 4819 482 4882 viii.
499 4841 523 4884 a.
