3608 5812
453 889 515 954 156
704 905 902 958 ancrsrcun
925 903 1247 956 actuassumausa

450 1096 608 1182 angulum
632 1096 673 1160 de
695 1095 891 1185 Maiestate,
912 1119 971 1183 per
992 1097 1159 1182 quandam
1181 1093 1322 1162 viridem
1344 1095 1444 1174 viam,
1467 1099 1502 1159 et

449 1219 507 1281 per
530 1197 695 1283 quendam
717 1199 873 1278 rivulum,
903 1200 1028 1266 scilicet
1047 1199 1084 1264 in
1106 1204 1179 1265 tota
1201 1198 1258 1264 illa
1281 1199 1395 1284 plania,
1426 1220 1500 1284 quae

443 1300 534 1384 jacet
568 1301 604 1365 in
626 1302 780 1366 orientali
811 1306 905 1387 parto
928 1300 1095 1388 praedictae
1116 1302 1190 1380 viae,
1214 1301 1302 1368 inter
1328 1301 1502 1388 praedictas

457 1402 603 1468 culturas
651 1402 840 1470 habendam
872 1410 908 1470 et
945 1405 1126 1471 tenendam
1160 1407 1267 1470 totam
1306 1403 1499 1490 praedictam

447 1505 588 1590 placiam
603 1507 769 1592 praedictae
785 1506 922 1588 bruera,
945 1507 1112 1595 praedictis
1127 1506 1242 1574 abbati
1265 1510 1299 1572 et
1321 1505 1501 1573 conventui

448 1613 617 1674 eteorum
648 1610 897 1691 successoribus,
930 1610 1068 1676 liberam
1100 1615 1136 1676 at
1170 1609 1317 1696 quietam
1329 1634 1338 1690 ;
1360 1613 1396 1675 et
1427 1629 1499 1674 eam

447 1709 571 1777 fossato
593 1712 846 1798 circumquaque
869 1713 897 1777 si
914 1712 1082 1778 voluerint
1096 1711 1280 1792 includant,
1295 1713 1366 1778 sine
1388 1711 1500 1798 aliqua

447 1813 714 1893 contradictione,
753 1816 932 1882 vexatione
969 1815 1024 1881 val
1061 1815 1295 1882 reclamatione
1333 1815 1408 1894 mei,
1444 1813 1500 1880 vel

447 1913 605 1982 heredum
627 1940 685 1985 seu
707 1919 957 2005 assignatorum,
981 1919 1036 1986 vel
1057 1919 1230 1986 hominum
1253 1941 1401 1986 meorum
1433 1941 1498 1984 sar·

446 2020 563 2085 vilium
595 2022 857 2109 imperpetuum:
897 2023 946 2088 ita
978 2023 1067 2110 quod
1097 2045 1158 2090 nec
1189 2045 1248 2110 ego
1282 2045 1342 2090 nec
1378 2021 1498 2107 aliquis

446 2122 603 2188 heredum
634 2125 689 2188 vel
710 2125 950 2211 assignatorum
985 2146 1141 2204 meorum,
1173 2147 1231 2192 seu
1261 2126 1362 2190 etiam
1392 2124 1497 2190 horni-

446 2247 526 2290 num
550 2247 696 2292 meorum
730 2227 910 2305 servilium,
944 2225 1072 2312 aliquid
1100 2227 1188 2314 juris
1218 2227 1272 2293 vel
1296 2227 1407 2294 clamii
1438 2249 1495 2292 seu
1608 2221 1611 2228 ’

445 2328 591 2414 aliquam
607 2349 814 2395 communem
830 2329 866 2394 in
881 2330 1039 2416 praedicta
1061 2330 1168 2416 placia
1190 2329 1357 2416 praedictae
1371 2329 1497 2394 bruera

445 2431 689 2516 imperpetuum
719 2431 815 2497 nobis
838 2433 1013 2498 vendicare
1036 2432 1206 2518 possimus.

386 2580 390 2586 .
491 2533 535 2599 Et
569 2533 604 2597 in
627 2535 854 2600 testimonium
875 2534 975 2620 hujus
1007 2535 1208 2602 remissionis
1231 2539 1265 2600 et
1287 2534 1408 2619 quietae
1431 2533 1497 2599 cla·

445 2638 580 2702 mantiae
602 2659 693 2720 meae,
715 2637 777 2704 hoc
799 2637 958 2724 scriptum
982 2638 1105 2718 eisdem
1127 2638 1240 2704 abbati
1263 2642 1297 2702 et
1319 2637 1497 2704 conventui

444 2741 514 2818 leci,
538 2745 573 2806 et
594 2740 702 2828 sigillo
724 2762 797 2808 meo
820 2741 960 2827 signavi.

802 2993 882 3060 cre.
907 2991 1149 3059 OOLXXXVI.

468 3135 572 3204 Certo
586 3135 723 3204 Robarta'
745 3136 865 3204 Rasset
887 3136 927 3304 dp
948 3135 1063 3224 quieta
1086 3132 1276 3202 clericalia
1295 3132 1335 3200 dc
1357 3133 1472 3201 coelem

924 3261 1036 3304 roera.

427 3387 434 3404 ·
490 3377 605 3443 Sciant
627 3381 805 3462 praesentes
828 3380 863 3442 et
886 3375 992 3442 futuri
1007 3375 1095 3462 quod
1110 3397 1170 3462 ego
1193 3373 1356 3441 Robertus
1380 3373 1493 3439 Rossel

275 3468 287 3502 ⁸
331 3469 353 3503 θ’
444 3479 555 3544 remisi
580 3485 614 3544 et
645 3481 793 3566 quietum
827 3479 977 3556 clamavi,
999 3500 1059 3564 pro
1091 3500 1144 3542 me
1171 3484 1206 3543 et
1236 3477 1492 3564 proheredibus

443 3582 532 3658 meis,
554 3586 589 3647 et
611 3603 670 3666 pro
693 3581 844 3646 omnibus
866 3579 1056 3646 hominibus
1078 3581 1160 3645 meis
1184 3579 1241 3665 qui
1264 3580 1392 3646 servilis
1413 3585 1493 3645 sunt

443 3684 649 3761 conditionis,
672 3685 924 3770 imperpetuum,
947 3684 1081 3750 domino
1103 3683 1270 3748 Willelrno
1299 3683 1363 3748 Dei
1385 3683 1494 3768 gratia

441 3788 556 3854 abbati
580 3789 620 3856 de
643 3789 887 3868 Malmesburia,
910 3793 945 3854 et
975 3788 1122 3874 ejusdem
1153 3786 1217 3854 loci
1247 3787 1435 3866 conventui,
1458 3793 1493 3853 et

442 3911 554 3956 eorum
585 3891 830 3969 successoribus,
861 3895 970 3956 totum
996 3891 1053 3976 jus
1083 3895 1118 3955 et
1143 3889 1297 3956 clamium
1329 3895 1364 3956 at
1385 3894 1491 3955 totam

441 4013 648 4060 communem
675 4015 774 4081 quam
804 3993 917 4070 habui,
940 3994 995 4058 vel
1021 3991 1140 4058 habere
1163 3993 1266 4078 potui,
1290 3992 1326 4056 in
1349 3992 1490 4077 quadam

440 4095 548 4182 placia
577 4117 705 4184 magnae
737 4097 865 4161 bruerae
888 4117 1002 4159 versus
1026 4093 1226 4180 Ocrsgrav03
1257 4115 1331 4180 quae
1357 4094 1490 4180 quidem

440 4199 548 4285 plocio
565 4198 656 4283 jacet
679 4199 766 4263 inter
784 4197 867 4263 duas
882 4195 1028 4262 culturas
1045 4217 1119 4282 quae
1135 4201 1297 4261 vocantur
1317 4193 1354 4262 la
1369 4193 1491 4260 Kotra-

440 4301 513 4389 hope
535 4309 570 4368 et
591 4299 782 4390 Alsiaatcpa
798 4299 954 4366 videlicet
977 4300 1018 4364 ab
1034 4297 1229 4364 occidentali
1247 4297 1369 4384 angulo
1391 4298 1433 4362 de
1456 4296 1492 4362 la

440 4401 620 4492 Koleeclrcpe
635 4423 738 4488 usque
753 4401 796 4468 ad
811 4400 1044 4467 occidentalem
1067 4399 1226 4486 angulum
1243 4399 1284 4466 de
1299 4395 1490 4488 Ataicalrapa

440 4527 499 4592 per
521 4505 687 4592 quandam
717 4503 859 4570 viridem
882 4503 981 4582 viam,
1004 4508 1039 4568 et
1069 4523 1127 4590 per
1150 4501 1314 4588 quendam
1343 4500 1490 4566 rivulum

440 4631 543 4694 usque
566 4609 609 4674 ad
631 4607 826 4694 praedictum
850 4606 1008 4694 angulum
1032 4606 1072 4670 de
1097 4603 1287 4692 Alsieakapa
1311 4603 1435 4672 scilicet
1455 4605 1491 4668 in

440 4717 513 4778 tota
534 4711 592 4777 illa
614 4711 721 4797 placia
744 4733 817 4798 quae
836 4710 926 4795 jacet
956 4709 993 4772 in
1015 4709 1168 4774 orientali
1198 4713 1292 4794 parte
1322 4708 1490 4794 praedictas

276 4817 358 4873 saar.
439 4814 504 4880 viae
536 4818 571 4878 et
601 4812 751 4900 praedicti
783 4811 884 4876 rivuli
915 4810 1003 4878 inter
1025 4809 1201 4895 praedictas
1231 4808 1401 4876 culturas:
1431 4807 1490 4873 ha-
