3514 5818
748 844 909 896 PREFAOE.
1252 825 1351 891 lxxiii

333 1033 404 1104 Cap.
424 1031 562 1088 CXXXI.
582 1030 671 1086 Curta
694 1029 803 1100 Rogeri
830 1029 866 1084 de
893 1028 918 1084 Ο
945 1027 1022 1082 14414
1047 1025 1174 1082 Rieerdo
1198 1025 1234 1080 de
1266 1024 1290 1080 Ο
1314 1025 1350 1081 de

456 1115 543 1170 terris
561 1119 592 1170 et
610 1113 786 1170 tenementis
804 1112 836 1167 in
856 1111 1050 1180 Bremelwyk.
1087 1109 1123 1163 24
1141 1107 1222 1165 Edw.
1241 1109 1302 1164 III.

421 1210 578 1267 CXXXII.
598 1208 686 1264 Certa
696 1207 823 1264 Andreae
835 1206 871 1262 de
885 1206 928 1263 Oo
946 1207 1024 1261 14414
1045 1204 1174 1260 Iohanni
1195 1204 1232 1260 de
1245 1204 1349 1275 Comp-
1452 1267 1454 1274 ‚

457 1300 509 1350 ton
527 1293 564 1348 de
582 1291 669 1347 terris
688 1298 719 1347 et
736 1289 913 1346 tenementis
933 1289 965 1343 in
984 1288 1185 1358 Bremelwyke
1204 1294 1235 1344 et
1246 1287 1350 1344 Rusel-

457 1377 547 1432 holte.
583 1373 798 1430 39441111.

423 1471 597 1528 CXXXIII.
616 1469 705 1525 Curta
731 1469 875 1524 Iohannis
900 1467 936 1523 de
956 1467 1100 1539 Compton
1124 1468 1202 1523 14414
1219 1467 1350 1524 Waltero

459 1555 558 1610 ebbeti
575 1553 678 1609 Malm.
692 1552 729 1608 de
747 1551 834 1607 terris
854 1557 885 1606 41
912 1551 1088 1606 tenementis
1106 1551 1136 1606 in
1150 1551 1349 1622 Bremelwyke

457 1644 489 1693 et
506 1636 671 1693 Haselholt.
708 1635 743 1689 42
763 1634 843 1690 Edu.
863 1634 923 1690 ΠΙ.
990 1634 994 1640 ’
1250 1645 1256 1656 ·

423 1732 614 1789 ΟΧΧΧΙΠΙ.
643 1730 732 1787 Carta
757 1729 900 1785 Johunnis
925 1730 961 1784 de
985 1729 1158 1784 Hankinton
1182 1729 1260 1785 14414
1277 1729 1350 1786 Wil-

458 1816 546 1872 141444
564 1816 625 1870 filio
650 1814 724 1870 Adae
749 1814 786 1868 de
804 1813 888 1869 West
914 1812 1104 1878 Crudewelle‚
1124 1813 1159 1867 de
1188 1813 1207 1868 i.
1234 1814 1350 1884 virgata

458 1906 554 1956 terras·
564 1899 595 1953 in
613 1897 684 1954 villu
701 1896 832 1969 ejusdem
850 1897 933 1952 West
950 1895 1139 1952 Crudewelle.

423 1990 573 2050 CXXXV.
592 1991 680 2049 Carta
708 1988 864 2061 Rogiualdi
893 1988 928 2044 de
947 1988 1103 2044 Bredefeld
1129 1990 1206 2044 14414
1224 1990 1350 2046 Rieardo

458 2076 537 2133 dieto
563 2076 671 2147 Letyoe
696 2075 732 2130 de
757 2075 796 2128 vi.
825 2073 900 2129 ueris
927 2080 959 2129 et
984 2072 1023 2128 di.
1052 2080 1083 2128 et
1114 2091 1174 2129 uno
1192 2074 1351 2130 ferendello

459 2167 546 2217 terres
563 2161 595 2215 in
613 2158 723 2230 eampis
741 2158 777 2213 de
796 2156 1004 2214 Cruddewelle.
1041 2158 1076 2215 33
1094 2157 1174 2213 new.
1194 2159 1218 2214 I.

424 2253 589 2311 CXXXVI.
609 2253 759 2325 Scriptum
777 2251 927 2322 Redulphi
952 2251 1130 2308 Guldeforde
1148 2253 1260 2309 fantum
1277 2253 1350 2310 Wil-

459 2339 547 2393 lelmo
565 2338 684 2394 Camme
712 2343 743 2392 et
760 2334 888 2390 Iohanni
915 2335 1038 2405 Pynnok
1063 2335 1098 2390 de
1124 2353 1183 2391 uno
1200 2337 1350 2406 mesuagio

458 2431 565 2476 etune
583 2421 700 2491 virgata
724 2426 810 2475 terrae
828 2418 860 2473 in
877 2419 961 2474 West
978 2417 1188 2484 Cruddewelle,
1209 2419 1292 2473 etde
1310 2419 1349 2474 vi.

459 2504 534 2558 acris
559 2509 589 2559 et
608 2503 648 2558 di.
667 2507 698 2558 et
724 2521 782 2558 uno
809 2500 969 2556 terendello
995 2519 1062 2555 oum
1089 2501 1142 2557 iiii.
1168 2501 1351 2573 portionibus

458 2586 528 2642 faeni
546 2586 578 2640 in
595 2603 698 2656 campo
715 2583 751 2640 de
771 2582 979 2640 Cruddewelle.
1010 2587 1051 2642 ,41
1071 2585 1150 2640 Edw.
1170 2585 1231 2640 III.

423 2681 605 2738 CXXXVII.
626 2681 715 2738 Certa
727 2679 870 2736 Iohannis
888 2679 1079 2750 Cheggelewe
1106 2680 1184 2736 14414
1200 2680 1350 2736 Willelmo

367 2765 371 2772 ’
460 2764 579 2820 Camme
597 2769 629 2820 et
646 2763 774 2819 Iohanni
791 2762 917 2835 Pynnok
935 2762 970 2816 de
988 2781 1047 2818 uno
1070 2764 1221 2833 mesuagio
1238 2770 1269 2818 et
1292 2781 1352 2818 una

458 2849 575 2919 virgata
599 2855 685 2903 terrae
709 2845 742 2901 in
759 2847 842 2902 West
867 2846 1050 2901 Cruddewell
1068 2853 1098 2902 et
1115 2846 1152 2902 de
1169 2846 1208 2902 vi.
1228 2847 1303 2902 aeris
1321 2852 1351 2902 et

459 2931 499 2986 di.
518 2937 625 2986 etune
643 2929 802 2986 serendello
819 2935 907 2984 terrae
932 2947 999 2984 oum
1027 2934 1152 2998 quatuor
1169 2929 1352 3000 portionibus

457 3015 528 3070 faeni
545 3015 577 3070 in
594 3015 704 3085 oempis
721 3015 757 3069 de
776 3012 967 3082 Cruddewell.

423 3095 623 3153 CXXXVIII.
644 3096 793 3168 Scriptum
813 3093 956 3150 Iohannis
976 3095 1012 3150 de
1032 3095 1222 3166 Cheggelewe
1240 3097 1351 3152 tactum

458 3180 607 3236 willelmo
625 3179 661 3234 de
681 3178 799 3234 Camme
818 3183 848 3233 et
860 3177 989 3232 Iohanni
1006 3177 1129 3246 Pynnok
1146 3178 1182 3232 de
1200 3197 1259 3233 uno
1277 3197 1350 3234 mes·

458 3264 546 3334 uagio
564 3270 595 3318 et
618 3281 677 3318 une
701 3263 818 3332 virgata
842 3267 930 3316 terras
954 3261 987 3314 in
1011 3261 1094 3316 West
1120 3261 1303 3318 CruddewelI
1321 3268 1352 3318 et

458 3345 494 3400 de
511 3345 550 3400 vi.
570 3344 645 3401 aeris
663 3351 750 3400 terrae
769 3350 800 3400 et
824 3343 864 3398 di.
890 3352 921 3398 et
947 3360 1006 3398 uno
1032 3343 1192 3400 ferendello
1210 3361 1277 3399 cum
1296 3345 1350 3400 iiii.

459 3428 641 3498 portionibus
653 3427 761 3483 reniin
773 3427 884 3498 eampis
896 3426 932 3481 de
941 3425 1132 3482 Cruddewell.
1151 3429 1185 3482 41
1199 3427 1279 3484 IIdw.
1291 3428 1350 3485 111.

423 3509 588 3566 CXXXIX.
609 3510 698 3567 Carta
710 3510 854 3566 Iohannis
872 3509 1063 3581 Cheggelewe
1082 3511 1160 3566 14414
1171 3513 1217 3569 W.
1231 3511 1350 3568 Camme

400 3613 404 3618 ’
458 3601 489 3649 41
506 3594 634 3649 Iohanni
651 3594 775 3665 Pynnok
792 3593 910 3665 dejure
928 3600 959 3649 et
976 3595 1086 3649 olameo
1098 3595 1185 3650 unius
1197 3595 1350 3666 mesuagii

458 3678 545 3733 unius
563 3677 688 3748 virgetee
705 3683 792 3734 terroe
818 3677 850 3732 in
867 3677 951 3734 West
976 3677 1167 3745 CruddewelL
1187 3679 1274 3736 etri.
1293 3697 1350 3735 aer.

458 3761 497 3816 di.
517 3767 548 3816 et
565 3760 719 3816 ferendelli
737 3766 768 3815 et
786 3760 839 3814 iiii.
853 3760 1036 3830 portionibus
1054 3761 1124 3816 faeni
1136 3761 1169 3817 in
1186 3763 1297 3834 eampis
1314 3765 1351 3820 de

460 3843 669 3900 Cruddewelle.
706 3844 740 3898 41
759 3842 839 3899 Edw.
859 3844 919 3899 III.

425 3925 510 3982 CXL.
530 3925 619 3983 Certe
635 3926 754 3982 Thomas
779 3927 815 3984 de
832 3927 966 3998 Puryton
990 3926 1068 3982 14414
1081 3928 1156 3984 Adae
1176 3929 1296 4002 Sturmy
1315 3932 1351 3987 de

460 4015 574 4081 septem
598 4010 673 4065 aeris
697 4016 784 4065 terrae
811 4009 937 4065 erabilis
944 4010 1111 4081 jacentibus
1136 4012 1168 4067 in
1189 4031 1291 4085 oempo
1315 4015 1351 4072 de

461 4092 680 4163 Brokenborgh.

425 4175 527 4231 CXLI.
547 4175 637 4232 Curta
654 4175 797 4231 Iohannis
824 4176 936 4231 abbatis
961 4175 1178 4234 Melmesburiae
1197 4181 1276 4236 14414
1294 4183 1351 4238 Ito·

460 4277 530 4329 gero
542 4259 570 4314 le
583 4260 663 4314 Bnnt
675 4259 711 4314 de
724 4260 850 4330 quedam
868 4259 953 4315 domo
971 4260 1003 4314 in
1020 4261 1179 4332 Westport‚
1199 4263 1351 4322 Melmesb.

425 4342 546 4399 CXLII.
566 4343 655 4400 Curta
679 4344 788 4414 Rogeri
813 4346 841 4398 le
862 4344 943 4400 Bunt
962 4345 1040 4400 14414
1063 4345 1151 4402 Petro
1169 4349 1197 4402 le
1215 4349 1352 4420 Espioere

460 4428 496 4482 de
514 4445 573 4482 uno
592 4434 760 4484 tenemento
771 4429 803 4484 in
820 4430 979 4500 Westport,
993 4430 1072 4486 villae
1090 4430 1191 4487 Mulm.

426 4507 564 4566 CXLIII.
593 4509 682 4567 Carta
704 4509 809 4567 Alioiae
838 4511 936 4566 uxoris
954 4511 1035 4567 Petri
1065 4512 1092 4568 le
1117 4513 1247 4585 Espysur
1276 4517 1354 4574 14414

460 4593 631 4649 Petronillae
649 4593 719 4650 filiae
737 4593 857 4651 Thomee
882 4599 942 4650 atte
962 4595 1106 4651 Sebeothe
1132 4598 1168 4652 de
1194 4618 1254 4655 uno
1272 4607 1352 4658 tene·

460 4681 559 4731 mento
577 4682 608 4732 et
625 4693 684 4732 uno
697 4676 854 4748 emtilagio
866 4693 934 4733 oum
946 4677 1044 4734 olauso
1057 4678 1089 4736 in
1101 4679 1260 4752 Westpert,
1273 4684 1354 4742 villae

459 4758 686 4817 Malmesburiae.
