3526 5810
468 871 533 934 226
721 887 920 938 snersrsuu
943 885 1265 938 usannssusrnnsn.

468 1073 576 1141 Parva
598 1073 805 1155 Schorstone,
828 1083 863 1142 et
884 1098 965 1163 quas
988 1077 1111 1143 eisdem
1140 1079 1254 1144 abbati
1282 1082 1317 1143 et
1338 1076 1516 1143 conventui

467 1178 681 1244 warentiaare
697 1201 764 1244 non
786 1180 963 1265 potuimus.
999 1179 1178 1246 Habendas
1198 1186 1233 1245 et
1253 1179 1412 1244 tenendas
1433 1199 1516 1264 prse-

469 1279 574 1346 dictas
596 1286 722 1368 septem
743 1303 835 1351 acras
867 1287 963 1348 terrae
985 1304 1060 1348 cum
1086 1283 1229 1369 quodam
1259 1282 1398 1370 pratello
1428 1280 1517 1367 apud

469 1382 617 1471 Fulinge,
648 1389 683 1450 et
711 1385 864 1451 omnibus
895 1385 970 1451 aliis
1000 1386 1210 1472 pertinentiis
1242 1386 1319 1464 suis,
1350 1383 1517 1472 praedietis

466 1485 581 1551 abbati
618 1490 653 1551 et
690 1488 869 1553 conventui
909 1493 944 1553 et
981 1491 1093 1553 eorur'n
1130 1488 1368 1555 successoribus
1404 1487 1515 1563 libere,

468 1589 587 1673 quiete,
610 1589 694 1655 bene
717 1595 752 1655 et
773 1590 810 1654 in
831 1611 920 1676 pecc,
936 1590 1188 1676 imperpetuum.
1235 1589 1416 1656 Reddendc
1437 1589 1516 1654 inde

466 1691 641 1756 annuatim
663 1692 853 1777 coquinario
880 1698 1062 1758 conventus
1091 1694 1258 1780 praedictis
1281 1693 1409 1759 duabus
1431 1691 1515 1758 aeris

466 1798 563 1860 terras
581 1794 683 1880 juxte
696 1799 922 1860 tenementum
938 1797 1104 1881 quondam
1120 1797 1256 1862 Roberti
1279 1796 1310 1861 le
1326 1795 1515 1882 Carpenter,

466 1902 501 1962 et
531 1897 661 1962 duabus
694 1897 841 1962 dimidiis
874 1899 959 1964 acris
992 1905 1088 1964 terrae
1122 1899 1360 1986 suprascriptis,
1391 1897 1514 1985 viginti

466 1999 617 2064 denarios
639 1999 682 2064 ad
697 2003 840 2084 quatuor
861 1999 941 2064 anni
957 2002 1131 2078 terminos:
1153 2001 1316 2079 videlieet,
1332 2001 1376 2066 ad
1391 2001 1515 2066 festum

466 2100 563 2166 Beati
584 2101 762 2172 ,Michaelis
800 2101 947 2187 quinque
986 2103 1144 2181 denarios,
1178 2104 1221 2170 ed
1259 2104 1379 2168 festum
1418 2101 1516 2167 Beati

465 2204 608 2270 Andreae
631 2204 770 2291 apostoli
797 2206 944 2290 quinque
975 2205 1133 2284 denarios,
1156 2208 1199 2272 ad
1229 2207 1350 2272 festum
1373 2206 1515 2270 Annun-

464 2305 617 2372 ciationis
648 2307 760 2373 Beaiae
794 2308 908 2374 Mariae
939 2307 1085 2395 quinque
1122 2309 1279 2386 denarios,
1312 2309 1355 2374 ad
1389 2308 1514 2373 festum

464 2408 666 2476 Natiuitatis
688 2409 784 2476 Beati
806 2410 970 2477 Johannis
993 2411 1155 2497 Baptista
1177 2412 1323 2496 quinque
1353 2410 1514 2486 denarios,

464 2517 499 2577 et
542 2512 717 2578 heredibus
754 2513 903 2579 Matildis
948 2513 982 2579 10
1018 2514 1209 2580 Braceresce
1249 2534 1309 2598 pro
1345 2518 1434 2580 terra
1473 2513 1514 2576 dc

463 2613 604 2702 Fulinge
636 2637 741 2680 unum
774 2614 931 2682 obolum1
964 2617 1036 2702 [pro
1067 2615 1172 2701 omni]
1196 2615 1333 2681 servicio
1365 2615 1515 2692 seculari,

463 2717 635 2783 exactione
657 2722 692 2784 et
718 2718 888 2784 demanda
934 2717 979 2784 Et
1007 2739 1069 2783 1100
1090 2717 1258 2784 Johannes
1284 2722 1319 2782 et
1339 2717 1456 2796 Alicia,
1481 2723 1516 2783 ct

462 2818 597 2884 heredes
619 2820 733 2898 nostri,
756 2827 861 2886 totam
885 2821 1076 2907 praedictam
1099 2826 1229 2900 terram,
1253 2842 1327 2886 cum
1352 2821 1513 2908 praedicto

406 2941 408 2948 ·
461 2921 601 3006 pratello
631 2927 667 2988 et
700 2923 853 2990 omnibus
883 2922 958 2988 aliis
989 2923 1198 3008 pertinentiis
1230 2923 1308 3000 suis,
1345 2923 1515 3009 praedictis

452 3023 575 3090 'abbati
611 3030 646 3090 et
683 3025 878 3094 conventui,
899 3029 934 3090 et
971 3046 1084 3090 corum
1122 3025 1359 3091 successoribus
1396 3031 1516 3092 eontra

460 3147 573 3192 omnes
606 3125 761 3194 mortades
792 3117 1036 3213 imperpetuum
1069 3127 1358 3192 warantizabimus
1388 3133 1422 3193 et
1456 3128 1514 3193 de-

460 3229 640 3295 fendemus.
687 3231 732 3295 Et
762 3231 791 3294 si
822 3230 1015 3315 praedictam
1047 3234 1169 3296 terram
1192 3251 1266 3295 curn
1299 3229 1513 3316 pertinentiis

459 3333 537 3411 suis,
563 3333 729 3420 praedictis
752 3333 865 3398 abbati
901 3337 936 3398 et
958 3333 1136 3398 conventui
1167 3338 1227 3398 aut
1249 3355 1362 3398 corum
1385 3355 1514 3400 succes-

459 3435 586 3501 scribus
619 3435 834 3500 warantizare
866 3455 934 3500 non
965 3435 1137 3521 possimus,
1168 3457 1227 3500 nos
1259 3440 1382 3501 extunc
1412 3437 1512 3502 resti·

457 3541 590 3604 tuemus
612 3539 736 3604 eisdem
757 3537 870 3605 abbati
901 3542 936 3603 et
964 3538 1143 3604 conventui
1166 3537 1220 3604 vel
1248 3559 1514 3606 0010ωο00000-

457 3641 594 3719 soribus,
616 3645 745 3706 tantam
767 3645 802 3706 et
824 3646 895 3707 tam
920 3641 1049 3719 bonam,
1073 3646 1233 3726 quantam
1262 3641 1327 3726 ipsi
1349 3641 1452 3708 abbes
1477 3647 1514 3707 01

457 3748 640 3810 conventus
654 3744 870 3829 perdiderunt
885 3765 944 3830 per
966 3740 1154 3810 defectum²
1177 3743 1348 3810 warentia
1363 3749 1489 3810 nostr-ee
1503 3769 1511 3824 ;

456 3847 544 3930 quod
568 3847 596 3912 si
618 3847 791 3914 restituere
812 3868 880 3912 11011
906 3847 1075 3933 possimus,
1099 3851 1223 3912 extunc
1251 3850 1324 3914 tote
1346 3845 1513 3912 exhibitio

370 4009 374 4018 .
455 3949 540 4014 mihi
562 3950 709 4016 Johanni
731 3971 882 4017 concessa
903 3949 1112 4037 0010110110
1134 3949 1255 4015 abbate
1277 3954 1312 4014 et
1341 3956 1512 4016 conventu

457 4073 516 4137 per
546 4056 671 4120 cartam
705 4073 827 4133 eorum,
849 4051 984 4118 omnino
1005 4056 1109 4118 cesset
1137 4051 1390 4138 imperpetuum.
1438 4051 1513 4139 Ego

457 4153 558 4219 etiam
580 4153 750 4220 Johannes
772 4155 883 4220 remisi
914 4153 1081 4240 praedictis
1114 4152 1228 4218 abbati
1261 4158 1296 4219 ct
1328 4153 1513 4220 conventui

457 4255 530 4322 illos
552 4262 695 4344 quatuor
717 4257 837 4324 solidos
859 4278 941 4343 quos
963 4255 1046 4322 1111111
1076 4256 1250 4322 annuatim
1284 4255 1409 4324 solvere
1431 4279 1512 4324 con·

455 4365 643 4426 sueverunt
689 4359 734 4424 Et
766 4365 805 4426 ut
835 4360 907 4428 haec
932 4359 1077 4438 donatio,
1099 4358 1262 4426 concessio
1292 4363 1328 4424 et
1360 4359 1513 4428 remissio

285 4463 400 4523 11411.
454 4461 555 4528 robur
585 4464 817 4551 perpetuitatis
840 4463 877 4528 in
899 4485 933 4530 se
955 4464 1136 4550 optineant,
1160 4461 1245 4530 hene
1267 4467 1391 4528 cartam
1423 4485 1512 4549 prae·

455 4564 553 4629 dietis
584 4567 698 4632 abbati
733 4572 767 4631 et
804 4568 983 4634 conventui
1020 4567 1167 4644 fecimus,
1204 4571 1240 4632 ct
1276 4587 1348 4631 eam
1385 4566 1509 4652 sigillis

728 4727 957 4735 ....--.—.-..-«.
984 4729 1031 4735 -..
1086 4729 1115 4734 --
1140 4727 1314 4734 .--υ----

483 4831 490 4864 ¹
509 4829 619 4896 obolum]
633 4829 738 4890 obdunt,
749 4827 806 4879 MS.
987 4825 993 4894 Ι
1040 4825 1195 4892 edmerum]
1210 4827 1321 4887 defectu,
1331 4826 1388 4879 MS.
