3526 5810
410 873 474 935 222
661 887 857 936 nnarsrsuu
881 885 1200 935 unnunsnumrnsn.

240 1065 357 1126 21451·
407 1079 485 1140 tura
507 1056 682 1162 cujuslibet
707 1076 835 1161 generis
865 1075 1060 1151 averiorum,
1083 1074 1205 1158 ubique
1237 1093 1312 1138 cum
1334 1070 1455 1137 averiis

407 1180 527 1243 nostris
560 1181 594 1243 in
629 1181 717 1243 omni
751 1200 891 1262 seysone
929 1179 998 1241 sine
1036 1198 1172 1240 numero
1210 1174 1452 1260 pascendorum.

406 1281 631 1346 Concessimus
662 1283 763 1348 etiam
795 1281 901 1345 eidem
925 1279 1065 1344 Ernulfo
1097 1279 1235 1343 liberum
1271 1279 1453 1364 ingressum

403 1390 437 1448 et
471 1407 635 1470 egressum
666 1383 728 1470 'per
759 1389 866 1448 totum
905 1405 1028 1448 annum
1067 1382 1166 1446 unius
1203 1380 1345 1445 hominis
1378 1401 1453 1444 cum

402 1487 536 1551 utensili
560 1486 699 1553 11001616
721 1486 896 1573 appellato,
916 1487 959 1551 ad
981 1486 1113 1550 boscum
1131 1489 1281 1548 nostrum
1303 1483 1344 1547 de
1367 1480 1453 1546 0611-

402 1589 489 1654 folde
522 1595 572 1654 ter
606 1591 725 1656 cotidie
757 1591 876 1668 euntis,
900 1594 934 1654 et
968 1589 1104 1653 buscum
1138 1588 1181 1652 ad
1215 1587 1324 1652 focum
1356 1607 1452 1650 suum

402 1693 632 1756 sustinendum
665 1692 851 1758 deferentis.
913 1691 1141 1756 Concessimus
1175 1690 1281 1754 eidem
1315 1688 1451 1753 Ernulfo

402 1817 505 1860 unum
529 1796 711 1860 corrodium
735 1795 917 1860 monachile
948 1795 1122 1880 integrum,
1146 1793 1308 1868 videlicet,
1332 1792 1372 1856 de
1402 1814 1452 1857 ce-

401 1898 483 1963 lario
497 1904 611 1963 nostro
634 1921 753 1985 panem
777 1904 811 1963 et
834 1898 1025 1974 serviciam3
1048 1899 1089 1962 de
1105 1896 1246 1981 coquina
1261 1901 1451 1980 conventus,

401 2002 571 2086 potegium
595 2005 629 2065 et
651 2001 717 2065 duo
741 2001 872 2077 fercula,
895 2001 966 2064 sine
989 2001 1078 2064 omni
1102 1999 1324 2063 diminutione
1348 1999 1452 2084 perci-

401 2104 530 2188 pienda.
576 2101 803 2169 Concessimus
826 2103 932 2168 eidem
963 2124 1022 2168 sex
1046 2102 1141 2166 ulnas
1171 2103 1317 2166 decentis
1349 2101 1451 2186 panni

401 2228 475 2270 611111
499 2207 620 2291 penula
641 2207 684 2270 ad
707 2207 828 2272 festum
853 2205 1011 2270 Omnium
1043 2204 1239 2270 Sanctorum
1261 2204 1303 2268 ad
1338 2203 1450 2268 robam

401 2311 464 2375 sibi
498 2312 672 2375 annuatim
705 2311 899 2386 faciendam,
924 2310 978 2373 vel
1001 2310 1146 2394 pretium
1174 2331 1273 2372 unam
1308 2329 1450 2374 marcam

400 2415 536 2498 argenti.
580 2413 789 2478 Contulimus
805 2413 909 2476 cidem
925 2434 1026 2475 unam
1051 2411 1212 2496 pelliciam
1228 2411 1328 2496 pretii
1350 2411 1450 2474 trium

401 2517 585 2594 solidorum,
609 2522 644 2581 et
674 2516 774 2580 etiam
809 2522 876 2579 tres
910 2514 1006 2578 ulnas
1041 2515 1143 2598 panni
1176 2513 1306 2577 honesti
1338 2523 1451 2578 contra

400 2619 532 2696 Pascha,
557 2626 590 2683 62
613 2641 687 2683 011111
711 2617 933 2681 oblationibus
956 2617 1009 2680 die
1034 2616 1166 2680 Natalis
1189 2615 1324 2680 Domini
1347 2639 1450 2680 unum

400 2723 581 2798 denarium,
605 2727 639 2785 et
673 2721 727 2784 die
761 2719 1014 2796 Purificationis
1037 2730 1071 2782 62
1094 2718 1147 2782 die
1181 2717 1323 2784 Paschae.
1381 2719 1450 2784 Ha-

399 2826 507 2890 benda
529 2832 563 2889 et
585 2824 728 2888 tenenda
744 2829 777 2887 62
799 2822 1008 2908 percipienda
1022 2826 1094 2886 2026
1116 2822 1355 2907 praenominata
1376 2844 1449 2887 cum

399 2929 467 2992 suis
490 2927 707 3014 pertinentiis,
722 2927 827 2991 cidem
852 2925 989 2989 Ernullo
1012 2929 1046 2989 62
1069 2925 1136 2988 suis
1159 2925 1333 2989 heredibus
1356 2926 1449 3012 legit

400 3032 499 3109 timis,
524 3032 564 3095 de
595 3032 690 3096 nobis
713 3034 747 3094 et
768 3028 1009 3094 successoribus
1043 3028 1173 3105 nostris,
1196 3027 1307 3104 libere,
1332 3030 1448 3114 quiete,

400 3135 483 3199 bene
517 3138 551 3198 et
586 3135 722 3218 integre,
745 3138 779 3196 et
806 3133 842 3196 in
861 3153 965 3216 .pace,
989 3131 1112 3216 absque
1146 3130 1256 3196 omni¹
1283 3137 1318 3198 et
1349 3135 1450 3197 servi·

400 3242 479 3312 tute,
505 3242 539 3300 62
560 3237 681 3320 absque
704 3235 794 3299 omni
817 3234 930 3299 servili
954 3235 1149 3311 conditione,
1172 3241 1206 3298 62
1229 3235 1331 3299 etiam
1355 3237 1449 3301 sectis

400 3343 434 3403 et
457 3338 653 3402 omnimodis
676 3337 750 3400 aliis
773 3357 979 3421 quocumque
1002 3338 1134 3402 nomine
1158 3342 1354 3401 censeantur
1385 3361 1448 3402 ser-

399 3440 494 3516 vicia,
518 3447 552 3504 et
575 3441 617 3504 ab
639 3440 729 3503 omni
752 3438 890 3503 seculari
913 3438 1082 3502 demanda.
1122 3437 1166 3502 Et
1188 3459 1248 3502 nos
1270 3444 1304 3503 et
1327 3461 1449 3506 succes-

400 3565 487 3608 sores
511 3543 615 3606 nostri
638 3546 709 3606 tota
732 3543 972 3627 praenominata
995 3563 1070 3606 cum
1102 3542 1255 3605 omnibus
1279 3543 1346 3606 suis
1379 3565 1449 3628 per-

400 3645 560 3721 tinentiis,
592 3651 690 3730 prout
721 3643 851 3729 plenius
886 3645 1080 3708 distinctum
1119 3651 1176 3719 est,
1210 3645 1448 3729 praenominato

400 3747 537 3812 Ernulfo
561 3752 595 3812 et
622 3749 689 3811 suis
713 3746 887 3811 heredibus
910 3748 964 3812 vel
997 3747 1173 3832 assignatis
1196 3747 1352 3833 legitimis
1383 3771 1449 3813 wa-

398 3852 641 3927 rantizabimus,
658 3850 920 3935 acquietabimus
936 3856 970 3914 et
989 3850 1211 3928 defendemus
1226 3857 1326 3936 prout
1346 3873 1448 3937 quon·

399 3956 476 4020 dam
500 3955 617 4019 Petrus
640 3954 741 4018 abbas
764 3954 859 4017 bcnae
892 3955 1067 4030 memoriae,
1091 3953 1308 4038 praedecessor
1331 3960 1448 4032 noster,

398 4064 507 4121 motus
530 4057 654 4141 pietate
677 4055 740 4119 sibi
757 4055 948 4140 recognovit
971 4059 1005 4118 et
1026 4057 1185 4120 concessit
1207 4056 1448 4122 fraternitatem

399 4160 542 4225 eccleaiae
565 4163 694 4222 nostrae.
747 4157 791 4221 Et
813 4158 856 4221 ad
880 4157 1029 4221 omnium
1052 4159 1285 4244 praedictorum
1308 4160 1448 4225 ratifica-

398 4263 531 4338 tionem,
547 4260 757 4326 securitatem
781 4265 815 4324 et
842 4259 1058 4326 stabilitatem
1082 4261 1328 4340 observandam,
1351 4263 1449 4328 istam

398 4370 594 4451 praesentem
627 4369 760 4440 cartam,
783 4383 843 4448 pro
874 4362 969 4427 nobis
993 4369 1027 4428 62
1061 4361 1297 4429 successoribus
1320 4365 1448 4443 nostris,

398 4469 519 4532 sibiet
545 4468 613 4532 suis
647 4466 822 4532 heredibus
845 4464 991 4543 fecimus,
1013 4467 1063 4530 ita
1094 4466 1183 4551 quod
1214 4473 1361 4552 tempore
1393 4489 1448 4532 cu·

275 4631 279 4640 .
300 4601 302 4606 ·
392 4571 525 4656 jusdam
542 4567 631 4635 Petri
649 4569 812 4646 Moraunt,
828 4568 1072 4654 praedecessoris
1086 4569 1199 4646 nostri,
1214 4575 1296 4634 211116
1311 4569 1448 4648 abbatis,

397 4673 575 4759 praedictus
597 4671 764 4748 Ernullus,
792 4691 956 4736 unacum
980 4669 1124 4736 Roberto
1155 4671 1316 4750 filiosuo,
1339 4679 1447 4739 totum

885 4869 894 4902 ¹
913 4870 964 4920 Sic.
