3524 5808
454 882 519 948 368
865 896 1040 948 aermon
1065 897 1085 946 1.

280 1155 299 1207 f.
312 1159 335 1208 7.
484 1146 587 1212 Corae
610 1145 748 1212 domim
777 1145 936 1212 Willeloai
958 1147 997 1212 de
1020 1147 1157 1214 Uolcania
1179 1146 1310 1214 abbatia
1331 1147 1372 1212 de
1394 1166 1477 1231 oup-

633 1250 841 1317 oaeututa‘ooc
862 1249 1074 1338 eleemosynae
1096 1258 1127 1316 et
1144 1249 1322 1338 pitouciae.

279 1415 439 1468 lassescas
498 1411 673 1480 Universis
700 1395 828 1479 'sancta
851 1414 966 1479 matris
998 1413 1143 1480 ecclesiae
1173 1413 1259 1491 filiis,
1282 1419 1318 1479 et
1339 1412 1502 1499 praecipue

280 1483 435 1614 ffiiffiw
452 1516 629 1582 samareus
666 1521 701 1582 a
749 1516 908 1582 masan
954 1516 1049 1582 nobas
1090 1538 1149 1603 per
1187 1515 1249 1580 oe
1287 1517 1429 1602 passm
1466 1514 1503 1578 in

280 1617 386 1732 “ff
420 1619 736 1734 fldalmesburiensi
751 1619 886 1686 cenobio
901 1621 1106 1700 successuris,
1129 1621 1231 1686 frater
1252 1619 1438 1684 Willelmus
1461 1618 1502 1682 de

281 1698 425 1801 iiiiii,
452 1722 598 1800 souma,
615 1721 693 1788 nea
707 1723 863 1809 nunnus
876 1723 1179 1788 normannensis
1194 1721 1336 1788 aereas
1351 1721 1503 1785 mansor

280 1819 403 1946 ffifflt
451 1824 594 1904 humilis,
629 1831 797 1912 perpetuae
835 1825 953 1892 salutis
990 1827 1026 1890 in
1064 1826 1207 1892 Domino
1245 1827 1500 1912 perfruitionem.

282 1949 399 2002 Colerne.
453 1928 616 2009 Quoniam
654 1929 741 1994 Sicut
777 1928 827 1993 all
863 1929 1041 2014 aposlolus,
1081 1928 1204 1996 Omnes
1249 1930 1297 1996 ad
1344 1927 1502 1994 d‘l‘lbwwd

444 2029 580 2114 judicia
612 2029 778 2098 stabimus
808 2028 1077 2116 receptatione
1111 2029 1238 2097 bonuau
1271 2030 1339 2097 stoa
1365 2030 1501 2095 oculum

444 2133 556 2220 saucit
578 2155 645 2219 pro
667 2140 707 2198 ut
728 2133 780 2199 io¹
794 2153 929 2219 empore
961 2133 1147 2218 permane&
1170 2137 1300 2219 oportet
1331 2153 1391 2197 nos
1423 2153 1501 2218 ergo

448 2237 534 2302 diem
566 2236 737 2302 messionis
759 2240 915 2301 extremae
949 2235 1102 2322 operibus
1123 2235 1352 2301 misericordia
1375 2255 1499 2320 praeve·

446 2341 525 2418 nire,
558 2343 592 2404 et
625 2339 752 2404 intuitu
788 2338 903 2402 divino
937 2339 1098 2404 seminare
1132 2339 1169 2402 in
1200 2339 1304 2415 terris,
1339 2337 1425 2402 unde
1463 2337 1500 2401 in

446 2449 596 2508 extrema
641 2441 802 2507 messione
839 2441 1017 2527 promereri
1060 2441 1240 2527 poterimus
1278 2444 1313 2505 et
1349 2439 1499 2526 colligere

445 2545 633 2631 manipulos
679 2550 812 2609 aeternae
856 2541 1015 2609 mercedis
1052 2548 1086 2608 et
1123 2542 1272 2629 gramina
1309 2543 1499 2629 gratiarum.

446 2649 491 2713 Et
523 2647 602 2734 quia
633 2645 723 2712 iacta
753 2644 943 2711 mortalium
978 2666 1037 2731 per
1068 2650 1253 2730 temporum
1280 2645 1497 2710 variationem

445 2755 480 2816 et
501 2749 714 2837 praelatorum
737 2749 956 2815 mutationem
973 2748 1013 2812 dc
1031 2747 1121 2814 facili
1137 2748 1296 2814 oblivioni
1311 2749 1496 2826 traduntur,

444 2853 511 2917 nisi
543 2852 715 2938 seripturae
752 2851 912 2917 beneficio
949 2850 1153 2928 muniantur,
1190 2849 1233 2916 ed
1270 2851 1496 2917 universitatis

445 2961 565 3022 vestrae
580 2953 736 3020 notitiem
762 2954 915 3018 volumus
936 2953 1116 3038 pervenire,
1132 2953 1227 3037 quod,
1243 2973 1319 3018 cum
1342 2953 1496 3018 fratribus

445 3060 481 3124 in
517 3056 801 3126 Malmesburiensi
834 3055 970 3122 ccclesia
992 3055 1242 3120 consuetudinis
1275 3055 1393 3134 fuerat,
1416 3057 1496 3122 feria

444 3163 589 3229 secunda
611 3165 646 3226 et
667 3159 750 3226 ieris
772 3158 891 3244 quinta
922 3157 1122 3244 pauperibus
1152 3159 1370 3225 communiter
1399 3160 1496 3225 adve-

444 3265 616 3330 nientibus
657 3263 694 3327 in
727 3261 875 3346 qualibet
909 3260 1093 3326 ebdomada
1124 3282 1253 3346 semper
1284 3261 1494 3327 elemosinam
1622 3280 1629 3294 ·

444 3367 567 3453 largiri,
590 3369 824 3432 concernentes
845 3363 1031 3449 portionem
1055 3364 1101 3428 ad
1122 3384 1307 3450 pauperum
1330 3369 1493 3430 sustenta·
1518 3435 1519 3438 ,

444 3469 570 3534 tionem
608 3489 628 3532 a
665 3465 955 3552 praedecessoribus
1000 3465 1121 3531 nostris
1162 3467 1362 3552 assignatam
1399 3466 1494 3530 nimis

445 3572 513 3638 fore
537 3570 665 3648 exilem,
690 3575 724 3635 et
745 3568 894 3635 volentes
917 3567 1206 3654 reliquampartem
1229 3567 1398 3646 bonorum,
1422 3591 1493 3654 quae

446 3679 593 3761 tempore
615 3673 720 3738 nostri
735 3671 906 3758 regiminis
929 3671 1177 3757 adquisivimus
1194 3670 1265 3736 Deo
1289 3671 1438 3738 dedicare
1460 3677 1493 3737 et

445 3779 540 3844 bonis
562 3778 677 3842 usibus
700 3775 908 3861 mancipare;
931 3796 973 3840 ex
996 3773 1150 3838 uniformi
1174 3796 1307 3840 assensu
1331 3779 1365 3841 et
1380 3775 1492 3842 volun-

444 3886 514 3946 tate
548 3879 686 3966 capituli
717 3877 831 3954 nostri,
866 3876 906 3942 dc
938 3876 1072 3942 decimis
1104 3876 1246 3942 ecclesiae
1277 3877 1318 3942 de
1352 3877 1491 3952 Kemele,

444 4005 544 4070 quam
578 3983 614 4046 in
646 3980 793 4067 proprios
820 4001 899 4044 usus
922 3979 1180 4064 impetravimus,
1203 3978 1375 4045 duodecim
1399 4001 1492 4066 quar-

444 4087 529 4151 teria
556 4089 590 4150 et
622 4083 797 4148 dimidium
819 4081 987 4159 frumenti,
1010 4086 1045 4147 et
1067 4082 1240 4168 sexaginta
1262 4086 1295 4147 et
1319 4103 1376 4147 sex
1399 4103 1492 4168 quar-

447 4188 531 4252 teria
567 4183 691 4274 hordei,
726 4183 865 4271 singulis
902 4183 998 4249 annis
1035 4183 1288 4270 imperpetuum,
1310 4185 1353 4250 ad
1391 4207 1492 4249 unum

447 4289 535 4354 diem
565 4288 602 4351 in
634 4286 784 4373 quelibet
815 4285 1003 4362 ebdomada,
1028 4307 1087 4371 pro
1119 4287 1283 4351 communi
1314 4307 1494 4372 pauperum

447 4391 646 4456 recreatione
668 4387 920 4475 augmentanda,
941 4387 1124 4452 ordinanda
1146 4393 1181 4452 et
1203 4389 1380 4454 statuenda
1395 4389 1496 4476 assig-

447 4494 608 4560 navimus.
654 4490 708 4556 Ita
745 4489 834 4575 quod
866 4489 1003 4574 singulis
1034 4489 1240 4578 septimanis¹
1258 4491 1325 4556 duo
1361 4491 1496 4557 busselli

446 4594 616 4671 frumenti,
639 4598 673 4658 et
695 4593 807 4657 decem
830 4589 963 4655 busselli
986 4589 1110 4669 hordei,
1133 4613 1192 4676 pcr
1218 4593 1431 4678 praepositum
1454 4596 1495 4659 de

447 4697 583 4761 Kemela
616 4694 674 4779 qui
705 4715 764 4780 pro
796 4698 941 4779 tempore
972 4691 1077 4758 fuerit
1099 4694 1139 4758 de
1162 4695 1338 4760 antedictis
1361 4696 1497 4762 decimis

446 4797 671 4864 elemosinario
708 4795 897 4860 liberentur.
959 4793 1004 4859 Et
1040 4795 1084 4860 ed
1121 4795 1243 4863 dictam
1285 4796 1496 4864 elemosinam
