3526 5810
473 853 538 918 292
724 868 924 919 nnournuu
947 867 1271 918 nsnunssumsusn.

472 1051 674 1128 successuris,
709 1053 811 1118 frater
833 1053 1028 1130 Willclmus,
1059 1052 1137 1118 iicet
1168 1051 1334 1138 indignus,
1368 1049 1521 1116 Malmes·

471 1148 633 1217 buriensis
649 1154 791 1220 ecclesiae
814 1157 966 1221 minister
986 1156 1130 1232 humilis,
1154 1154 1295 1220 salutem
1318 1155 1356 1218 in
1378 1152 1522 1218 Domino

469 1253 710 1346 sempiternam.
758 1257 921 1337 Quoniam
937 1257 1024 1324 faeta
1047 1257 1235 1322 mortalium
1255 1277 1315 1342 per
1336 1261 1522 1341 temporum

469 1356 686 1422 variationem
721 1363 756 1424 et
789 1359 1001 1445 praelatorum
1033 1359 1254 1450 mutationem
1285 1357 1445 1422 oblivioni
1478 1357 1521 1422 de

467 1454 558 1522 facili
594 1460 780 1538 traduntur,
812 1461 878 1526 nisi
908 1462 1079 1548 scripturae
1121 1461 1280 1527 beneficio
1317 1460 1522 1538 muniantur,

466 1557 510 1622 ad
547 1561 774 1627 universitatis
811 1568 931 1628 vestrae
968 1563 1123 1629 notitiam
1160 1563 1314 1628 volumus
1348 1561 1522 1647 pervenire

466 1663 555 1744 quod
576 1665 793 1730 concessimus
808 1671 843 1731 ct
856 1667 1099 1752 assignavimus
1122 1665 1251 1731 custodi
1274 1664 1389 1730 altaris
1407 1664 1521 1730 Besise

467 1763 582 1829 Mariae
613 1765 649 1830 in
678 1767 814 1833 ecclesia
851 1767 965 1833 Sancti
998 1766 1166 1832 Aldhelmi
1201 1769 1242 1833 de
1277 1766 1523 1843 Malmesburis,

465 1865 652 1947 quindecim
675 1868 796 1934 solidos
818 1874 854 1933 et
884 1876 1029 1954 quatuor
1051 1869 1204 1934 denarios
1237 1868 1413 1932 annuatim
1445 1888 1518 1953 per-

464 1966 650 2052 cipiendos:
681 1970 845 2049 videlicet,
881 1972 921 2037 de
953 1971 1094 2037 dimidia
1131 1971 1266 2056 virgata
1297 1976 1395 2035 terrae
1418 1990 1518 2055 quam

463 2066 640 2135 habuimus
663 2071 703 2137 de
719 2073 805 2138 dono
829 2073 962 2140 Ricardi
978 2074 1040 2137 filii
1064 2074 1192 2139 Aviciae
1215 2073 1251 2136 in
1273 2071 1382 2136 Parva
1398 2071 1517 2138 Schor-

463 2172 565 2247 stone,
587 2175 622 2235 et
653 2173 693 2237 de
727 2178 816 2239 terra
838 2197 939 2260 quam
973 2172 1152 2239 habuimus
1187 2174 1227 2250 de
1259 2173 1345 2238 dono
1380 2173 1517 2238 Roberti

462 2268 655 2360 Pinkeneye
688 2274 724 2339 in
747 2276 861 2340 eadem
896 2275 987 2352 villa,
1011 2297 1112 2340 unam
1145 2296 1296 2341 mamam.
1343 2274 1399 2340 Ita
1429 2275 1518 2361 quod

462 2374 659 2460 quicumque
684 2378 853 2443 tenuerint
886 2383 1009 2444 terram
1032 2377 1232 2464 praedictam,
1255 2382 1392 2442 tenemt
1424 2376 1515 2440 illam

461 2472 501 2537 de
524 2477 682 2560 praedicto
705 2479 839 2544 custode
867 2481 925 2565 qui
954 2501 1014 2565 pro
1037 2484 1184 2566 temporo
1216 2479 1325 2555 fuerit,
1348 2500 1423 2544 cum
1446 2500 1515 2543 om-

461 2573 560 2639 nibus
585 2578 797 2661 pertinentiis
827 2581 897 2644 suis
919 2585 955 2646 et
977 2602 1052 2646 oum
1075 2581 1229 2647 omnibus
1252 2579 1413 2644 eschaetis
1436 2601 1510 2662 quae

459 2676 617 2760 praedicto
651 2681 781 2745 custodi
810 2681 923 2767 aliquo
949 2686 1096 2768 tempore
1126 2681 1271 2747 accidere
1305 2681 1440 2766 possint,
1463 2701 1514 2744 ra-

459 2775 548 2842 tione
583 2781 751 2865 praedictae
782 2787 887 2848 temae.
935 2783 979 2848 Et
1010 2783 1051 2848 de
1084 2783 1181 2849 domo
1213 2803 1312 2867 quam
1347 2780 1513 2847 Walterus

459 2876 585 2966 Torfyn
622 2881 733 2948 levare
770 2883 849 2950 fecit
886 2906 928 2949 ex
962 2885 1113 2971 opposito
1151 2884 1396 2962 elemosinarius,
1430 2884 1512 2949 duos
1574 2967 1575 2970 Ἴ

456 2980 585 3060 solidos,
608 2983 651 3047 ad
674 2989 816 3069 quatuor
845 2987 925 3051 anni
949 2987 1114 3052 terminos.
1160 2985 1388 3052 concessimus
1410 2987 1509 3050 etiam

456 3087 491 3146 et
512 3106 571 3168 per
592 3107 735 3171 praesens
758 3087 918 3174 scriptum
941 3089 1172 3154 confirmamus
1202 3087 1360 3173 praedicto
1382 3087 1509 3152 custodi

455 3186 512 3270 qui
535 3209 594 3272 pro
617 3194 763 3273 tempore
787 3189 897 3267 fucrit,
920 3190 1003 3255 duas
1026 3190 1127 3255 libras
1149 3211 1231 3255 cerae
1253 3189 1428 3254 minuatim
1451 3210 1508 3274 pro

455 3287 589 3353 decimis
623 3290 664 3355 de
691 3290 879 3356 Someriord
902 3291 1068 3356 Mauduth
1090 3289 1325 3378 percipiendas.
1374 3289 1420 3354 Et
1450 3312 1507 3376 pro

454 3390 622 3474 praedictis
659 3391 848 3477 quindecim
890 3393 1003 3458 solidis
1040 3397 1075 3458 et
1104 3399 1248 3478 quatuor
1285 3391 1429 3456 denariis
1467 3392 1506 3456 de

453 3491 620 3575 praediotis
647 3494 743 3560 terris
775 3499 810 3559 et
843 3493 939 3559 domo
973 3494 1133 3581 praedicta
1163 3493 1337 3559 annuatim
1369 3493 1506 3578 percipi·

452 3593 546 3658 endis
568 3598 603 3659 et
625 3596 791 3680 praedictis
815 3596 943 3661 duabus
966 3596 1059 3662 libris
1085 3617 1176 3673 cerae,
1198 3595 1376 3660 sustinebit
1399 3601 1506 3660 custos

451 3693 566 3760 altaris
588 3697 737 3781 praedicti
761 3697 960 3783 quicumque
983 3719 1042 3785 pro
1066 3703 1212 3784 tempore
1232 3696 1344 3776 fuerit,
1368 3696 1504 3783 singulis

450 3797 546 3862 annis
576 3797 721 3884 viginti¹
746 3799 876 3877 cereos,1
899 3801 1078 3866 secundum
1101 3801 1190 3887 quod
1223 3798 1333 3865 iorum
1367 3821 1449 3865 ceree
1471 3821 1504 3866 sc

450 3897 595 3979 habebit,
619 3922 759 3986 quorum
791 3903 858 3968 duo
892 3903 977 3968 cerei
1011 3908 1109 3969 erunt
1140 3924 1199 3989 pro
1230 3903 1343 3968 anima
1366 3901 1503 3966 Walteri

451 3998 569 4082 Galun,
602 4007 637 4067 et
672 4003 782 4068 coeteri
820 4003 903 4068 cerei
942 4025 1000 4090 pro
1038 4003 1211 4070 animabus
1248 4001 1407 4069 abbatum
1446 4001 1503 4087 qui

450 4121 560 4167 coram
582 4103 672 4169 dicto
693 4103 792 4169 altari
815 4105 1034 4190 requiescunt
1081 4104 1127 4169 Et
1141 4104 1308 4170 ardebunt
1330 4102 1501 4190 praedicti¹

450 4204 597 4291 viginti¹
619 4206 712 4284 cerei,
729 4206 758 4270 si
780 4205 889 4272 forum
912 4229 995 4273 cerae
1011 4207 1060 4273 ita
1074 4229 1109 4272 sa
1131 4206 1262 4285 habeat,
1279 4207 1428 4292 quolibet
1449 4207 1502 4271 dic

447 4307 648 4372 admissam
672 4308 785 4374 Beatae
809 4309 932 4375 Mariae.
979 4309 1024 4374 Et
1055 4309 1209 4396 quotiens
1231 4329 1360 4374 necasse
1392 4308 1501 4393 fuerit,

446 4410 695 4475 renovabuntur
717 4410 801 4478 cerei
823 4410 981 4496 praedicti.
1028 4411 1073 4477 Et
1095 4411 1131 4476 in
1153 4410 1379 4476 anniversario
1401 4410 1502 4476 abba·

446 4516 519 4575 tum
542 4511 714 4590 Johannis,
740 4511 880 4576 Gaihidi
903 4517 937 4578 et
967 4513 1081 4590 nostri,
1104 4513 1203 4578 citius
1227 4532 1292 4597 quo
1315 4510 1429 4597 diciyc
1452 4512 1503 4576 in·

679 4739 686 4772 ¹
704 4739 786 4790 Thess
799 4741 881 4790 words
892 4754 936 4790 ere
947 4739 1046 4792 written
1058 4755 1121 4791 over
1131 4755 1164 4791 an
1176 4754 1286 4790 erasure.
