3526 5810
520 894 717 944 aamsrnuu
741 893 1062 944 uanussaumnusu.
1251 877 1315 941 233

268 1079 334 1144 fuit
356 1079 489 1146 Ricardi
512 1080 543 1145 le
566 1081 725 1144 Buriman
743 1080 844 1164 juxta
859 1076 1105 1163 Wippebreehe‚
1129 1077 1165 1142 iu
1180 1076 1317 1143 Harde-

268 1180 368 1260 breob‚
386 1187 420 1246 et
443 1182 479 1247 lu
508 1180 717 1267 Wbytecrofte
736 1203 888 1267 magnam
905 1186 939 1244 et
960 1200 1106 1265 parvam,
1123 1184 1157 1244 et
1180 1179 1316 1245 croftam

269 1305 342 1368 quae
357 1283 423 1348 fuit
439 1283 577 1349 Walteri
593 1285 633 1348 de
647 1281 914 1370 Wynekewrthe,
927 1282 1028 1367 juxta
1043 1282 1079 1346 lu
1093 1279 1317 1358 Hurdcbrecb,

269 1391 304 1450 et
318 1391 424 1450 totam
439 1387 599 1451 decimam
615 1386 683 1450 feni
706 1386 746 1450 de
770 1383 988 1460 Clauermore,
1003 1383 1047 1448 ad
1069 1406 1128 1449 nos
1151 1384 1315 1470 pertinen-

269 1493 345 1564 tem,
368 1494 403 1552 et
425 1487 499 1553 illas
532 1489 677 1574 quinque
701 1509 792 1553 aeras
823 1487 885 1551 sub
909 1507 977 1550 una
1004 1486 1134 1552 cultura
1160 1487 1250 1572 apud
1281 1485 1317 1551 la

274 1589 412 1655 Vooebole
431 1591 588 1676 jacentes,
612 1595 789 1676 quaesunt
820 1591 860 1654 de
886 1589 982 1655 feodo
1007 1590 1131 1654 domini
1154 1588 1418 1654 Johannisraeo,

270 1692 483 1758 Mautravers.
543 1694 795 1780 Assignavimus
827 1693 961 1779 insuper
995 1693 1101 1758 eidem
1124 1692 1319 1759 sacristariae

270 1795 435 1883 Rogerum
466 1796 579 1872 Witte,
621 1800 788 1861 tenentem
819 1801 977 1871 nostrum,
1013 1817 1087 1861 eum
1121 1800 1195 1861 tota
1232 1802 1321 1861 terra

271 1919 370 1983 quam
393 1906 493 1978 tenet,
527 1921 601 1964 aum
634 1903 706 1964 tota
736 1898 867 1983 sequela
892 1919 960 1976 sua,
991 1903 1025 1962 et
1057 1919 1130 1962 cum
1168 1898 1320 1964 omnibus

270 2000 416 2066 serviciis
439 2006 474 2066 et
496 2000 791 2066 consuetudinibus
816 2021 891 2085 quae
921 1999 1009 2065 idem
1045 2000 1193 2086 Rogerus
1224 2000 1320 2066 nobis

271 2101 375 2167 facere
399 2102 578 2168 consuevit.
625 2101 679 2166 Ita
706 2101 794 2186 quod
829 2101 1016 2187 quicunque
1049 2101 1153 2166 fuerit
1175 2103 1319 2180 sacrista,

271 2206 310 2270 de
337 2205 426 2270 dicto
449 2210 584 2270 tenente
607 2212 641 2270 et
664 2205 706 2269 de
730 2204 819 2270 dicta
835 2211 924 2270 terra
947 2205 1079 2270 ordinet
1098 2211 1134 2294 et
1158 2205 1318 2291 disponat

269 2313 368 2394 prout
390 2309 433 2374 ad
463 2308 668 2374 commodum
691 2307 884 2374 sacristariae
917 2307 1034 2373 melius
1067 2308 1189 2374 viderit
1222 2331 1321 2394 expe·

270 2409 348 2476 dire.
395 2409 558 2488 Ceterum,
580 2410 660 2496 quia
690 2410 835 2476 sacristae
870 2411 1011 2476 ecelesiae
1043 2417 1164 2476 nostrae
1198 2412 1320 2498 uiginti

268 2513 390 2578 solidos
411 2535 531 2579 annuae
543 2513 722 2600 pensionis,
737 2514 927 2590 mortuaria,
944 2518 978 2578 et
1000 2513 1081 2579 alias
1103 2514 1320 2581 obventiones

271 2614 311 2679 de
334 2615 468 2681 ecelesia
491 2615 531 2680 de
555 2615 698 2680 Suttone
721 2615 764 2679 ab
794 2615 933 2700 antiquo
956 2615 1122 2701 percipere
1144 2638 1320 2684 consueve-

270 2723 358 2795 runt,
381 2723 416 2782 et
437 2739 497 2804 per
518 2718 819 2804 appropriationem
843 2718 986 2785 ecclesiae
1007 2719 1047 2784 de
1075 2719 1208 2786 Kamele
1230 2722 1321 2788 dicta

271 2822 384 2907 pensio
417 2826 452 2886 et
498 2821 564 2885 alia
599 2825 785 2906 praenotata
821 2818 850 2885 ‘a
894 2820 983 2886 dieta
1030 2823 1216 2888 sacristaria
1241 2825 1321 2898 ¹sint

272 2925 404 2991 omnino
427 2925 604 3001 subtracta,
621 2923 656 2988 in
678 2924 1013 3009 recompensacionem
1033 2925 1131 2992 diotae
1153 2928 1320 3013 pensionis

271 3033 307 3093 et
342 3027 480 3093 aliarum
518 3027 755 3092 obventionum
793 3048 814 3091 a
847 3027 1033 3092 sacristaria
1069 3030 1319 3110 subtractarum,

271 3137 392 3197 terram
415 3151 488 3215 quae
511 3128 578 3193 fuit
600 3127 775 3214 Reginaldi
799 3128 829 3192 le
864 3129 992 3194 Prestre
1026 3131 1067 3195 de
1090 3130 1320 3212 Creddewelle,

272 3255 346 3298 cum
369 3232 529 3308 domibus,
563 3230 766 3316 curtillagiis,
800 3230 904 3316 pratis
937 3237 971 3296 et
1009 3235 1161 3318 pasturis,
1192 3240 1227 3300 et
1253 3257 1321 3301 om-

273 3335 371 3400 nibus
394 3332 468 3397 aliis
494 3334 592 3397 rebus
627 3331 670 3396 ad
699 3332 890 3416 praedictam
916 3338 1036 3397 terram
1069 3336 1320 3419 pertinentibus,

275 3438 318 3503 ad
355 3436 575 3501 sacristariam
609 3433 753 3500 ecclesiae
790 3439 911 3498 nostrae
942 3435 1185 3522 imperpetuum
1223 3439 1318 3504 duxi-

272 3562 345 3604 mus
375 3538 615 3624 essignnndam.
677 3536 759 3600 Haec
797 3542 909 3600 autem
952 3538 1062 3603 omnia
1097 3540 1139 3604 ad
1171 3542 1321 3606 sacrista

272 3643 355 3706 riam
386 3645 533 3730 nostram
560 3660 618 3724 per
640 3659 700 3702 nos
726 3637 893 3722 assignata
913 3642 948 3704 et
978 3639 1138 3718 ordinata,
1162 3641 1203 3707 de
1226 3644 1321 3708 nobis

273 3748 308 3809 et
329 3741 565 3808 successoribus
586 3740 707 3805 nostris
730 3740 864 3804 omnino
887 3739 953 3804 sint
977 3740 1088 3820 libera,
1109 3751 1144 3808 et
1166 3746 1208 3809 ab
1231 3747 1321 3810 omni

274 3844 434 3910 mundiali
473 3844 643 3919 servitute,
685 3841 822 3908 seculari
861 3843 1030 3908 exactione
1068 3851 1103 3909 et
1149 3846 1321 3926 demanda,

275 3947 386 4034 quieta
417 3954 452 4011 et
473 3947 716 4032 imperpetuum
747 3943 905 4009 absoluta.
953 3944 1008 4010 Ita
1038 3948 1126 4031 quod
1148 3950 1258 4015 omnia
1280 3951 1321 4016 de

275 4050 441 4137 praedietis
463 4048 568 4125 terris,
590 4045 782 4111 tenentibus
814 4049 848 4109 et
880 4047 1079 4112 tenementis
1113 4049 1210 4116 modo
1242 4075 1321 4137 quo-

275 4173 413 4237 cumque
445 4149 673 4236 provenientia
705 4153 740 4212 et
773 4147 939 4225 exeuntia,
962 4149 1107 4216 saeristae
1139 4158 1173 4217 et
1207 4155 1322 4220 saeris-

274 4253 376 4330 tariae,
405 4253 492 4319 sicut
520 4251 715 4337 praedictum
753 4255 813 4327 est,
850 4250 1093 4336 imperpetuum
1131 4264 1323 4322 remaneant

274 4358 447 4442 assignata
494 4353 594 4420 Salvo
617 4353 711 4418 nobis
738 4357 772 4416 et
795 4352 1032 4418 suecessoribus
1066 4357 1187 4420 nostris
1218 4361 1321 4445 regali

274 4459 411 4526 servicio
444 4458 485 4522 de
517 4455 675 4542 praedicta
706 4459 794 4520 terra
828 4455 868 4519 de
892 4453 1123 4536 Oreddewelle,
1155 4465 1188 4524 et
1220 4461 1321 4526 salvis

264 4560 467 4648 ¹pitanciario
488 4565 608 4635 nostro,
633 4558 690 4643 qui
712 4578 772 4642 pro
798 4563 945 4642 tempore
974 4557 1084 4635 fuerit,
1108 4567 1251 4645 quatuor
1269 4586 1320 4629 so-

273 4664 349 4729 lidis
382 4666 424 4729 de
456 4647 644 4729 tenemento
678 4660 828 4746 praedicti
860 4661 1035 4747 Reginaldi
1065 4663 1095 4728 le
1127 4665 1256 4731 Prestre
1279 4668 1320 4733 de

276 4767 432 4854 praedicta
456 4771 542 4830 terra
564 4763 605 4829 de
629 4762 850 4830 Oreddewelle
872 4785 931 4849 per
956 4765 1109 4831 abbatem
1133 4767 1320 4834 Johannem
