<?xml version="1.0" encoding="UTF-8"?>
<!DOCTYPE html PUBLIC "-//W3C//DTD XHTML 1.0 Transitional//EN"
    "http://www.w3.org/TR/xhtml1/DTD/xhtml1-transitional.dtd">
<html xmlns="http://www.w3.org/1999/xhtml" xml:lang="en" lang="en">
 <head>
  <title>
</title>
<meta http-equiv="Content-Type" content="text/html;charset=utf-8" />
  <meta name='ocr-system' content='tesseract 3.04.00' />
  <meta name='ocr-capabilities' content='ocr_page ocr_carea ocr_par ocr_line ocrx_word'/>
</head>
<body>
  <div class='ocr_page' id='page_1' title='image "./registrummalmes00martgoog_0193.png"; bbox 0 0 3578 5808; ppageno 0'>
   <div class='ocr_carea' id='block_1_1' title="bbox 528 839 1328 904">
    <p class='ocr_par' dir='ltr' id='par_1_1' title="bbox 528 839 1328 904">
     <span class='ocr_line' id='line_1_1' title="bbox 528 839 1328 904; baseline 0.003 -2"><span class='ocrx_word' id='word_1_1' title='bbox 528 849 729 902; x_wconf 82' lang='lat' dir='ltr'><strong>anorsrnmr</strong></span> <span class='ocrx_word' id='word_1_2' title='bbox 752 849 1074 902; x_wconf 73' lang='lat' dir='ltr'><strong>nernnsaoarevsu.</strong></span> <span class='ocrx_word' id='word_1_3' title='bbox 1286 839 1328 904; x_wconf 85' lang='grc'><strong>99</strong></span> 
     </span>
    </p>
   </div>
   <div class='ocr_carea' id='block_1_2' title="bbox 271 1025 1339 2346">
    <p class='ocr_par' dir='ltr' id='par_1_2' title="bbox 271 1025 1339 2346">
     <span class='ocr_line' id='line_1_2' title="bbox 272 1025 1329 1114; baseline -0.002 -20"><span class='ocrx_word' id='word_1_4' title='bbox 272 1026 384 1114; x_wconf 81' lang='lat' dir='ltr'><strong>aliquo</strong></span> <span class='ocrx_word' id='word_1_5' title='bbox 399 1025 497 1092; x_wconf 89' lang='lat' dir='ltr'><strong>modo</strong></span> <span class='ocrx_word' id='word_1_6' title='bbox 512 1026 765 1114; x_wconf 84' lang='lat' dir='ltr'><strong>pertinentibus,</strong></span> <span class='ocrx_word' id='word_1_7' title='bbox 781 1027 949 1113; x_wconf 82' lang='lat' dir='ltr'><strong>praediotis</strong></span> <span class='ocrx_word' id='word_1_8' title='bbox 964 1025 1078 1093; x_wconf 89' lang='lat' dir='ltr'><strong>abbati</strong></span> <span class='ocrx_word' id='word_1_9' title='bbox 1095 1030 1130 1093; x_wconf 89' lang='lat' dir='ltr'><strong>et</strong></span> <span class='ocrx_word' id='word_1_10' title='bbox 1149 1028 1329 1095; x_wconf 81' lang='lat' dir='ltr'><strong>conventui</strong></span> 
     </span>
     <span class='ocr_line' id='line_1_3' title="bbox 273 1129 1321 1216; baseline 0 -20"><span class='ocrx_word' id='word_1_11' title='bbox 273 1135 308 1196; x_wconf 87' lang='lat' dir='ltr'><strong>et</strong></span> <span class='ocrx_word' id='word_1_12' title='bbox 339 1129 577 1197; x_wconf 86' lang='lat' dir='ltr'><strong>sueoessoribus</strong></span> <span class='ocrx_word' id='word_1_13' title='bbox 600 1151 722 1210; x_wconf 89' lang='lat' dir='ltr'><strong>eorum,</strong></span> <span class='ocrx_word' id='word_1_14' title='bbox 746 1136 781 1197; x_wconf 90' lang='lat' dir='ltr'><strong>et</strong></span> <span class='ocrx_word' id='word_1_15' title='bbox 813 1151 927 1196; x_wconf 90' lang='lat' dir='ltr'><strong>eorum</strong></span> <span class='ocrx_word' id='word_1_16' title='bbox 950 1129 1136 1216; x_wconf 87' lang='lat' dir='ltr'><strong>assignatis,</strong></span> <span class='ocrx_word' id='word_1_17' title='bbox 1155 1129 1257 1196; x_wconf 88' lang='lat' dir='ltr'><strong>libere</strong></span> <span class='ocrx_word' id='word_1_18' title='bbox 1286 1137 1321 1196; x_wconf 93' lang='lat' dir='ltr'><strong>et</strong></span> 
     </span>
     <span class='ocr_line' id='line_1_4' title="bbox 272 1234 1326 1322; baseline 0 -20"><span class='ocrx_word' id='word_1_19' title='bbox 272 1236 391 1321; x_wconf 86' lang='lat' dir='ltr'><strong>quiete,</strong></span> <span class='ocrx_word' id='word_1_20' title='bbox 414 1235 543 1322; x_wconf 90' lang='lat' dir='ltr'><strong>integre</strong></span> <span class='ocrx_word' id='word_1_21' title='bbox 574 1239 608 1301; x_wconf 88' lang='lat' dir='ltr'><strong>et</strong></span> <span class='ocrx_word' id='word_1_22' title='bbox 641 1234 784 1321; x_wconf 80' lang='lat' dir='ltr'><strong>pacifice,</strong></span> <span class='ocrx_word' id='word_1_23' title='bbox 806 1236 882 1320; x_wconf 89' lang='lat' dir='ltr'><strong>jure</strong></span> <span class='ocrx_word' id='word_1_24' title='bbox 913 1235 1142 1301; x_wconf 88' lang='lat' dir='ltr'><strong>elemosinario</strong></span> <span class='ocrx_word' id='word_1_25' title='bbox 1166 1237 1326 1322; x_wconf 84' lang='lat' dir='ltr'><strong>imperpe-</strong></span> 
     </span>
     <span class='ocr_line' id='line_1_5' title="bbox 272 1336 1327 1426; baseline 0.002 -23"><span class='ocrx_word' id='word_1_26' title='bbox 272 1343 376 1403; x_wconf 91' lang='lat' dir='ltr'><strong>tuum.</strong></span> <span class='ocrx_word' id='word_1_27' title='bbox 424 1337 469 1402; x_wconf 87' lang='lat' dir='ltr'><strong>Et</strong></span> <span class='ocrx_word' id='word_1_28' title='bbox 500 1358 560 1424; x_wconf 88' lang='lat' dir='ltr'><strong>ego</strong></span> <span class='ocrx_word' id='word_1_29' title='bbox 583 1336 758 1417; x_wconf 86' lang='lat' dir='ltr'><strong>Robertus,</strong></span> <span class='ocrx_word' id='word_1_30' title='bbox 781 1343 816 1404; x_wconf 87' lang='lat' dir='ltr'><strong>et</strong></span> <span class='ocrx_word' id='word_1_31' title='bbox 847 1336 982 1403; x_wconf 87' lang='lat' dir='ltr'><strong>heredes</strong></span> <span class='ocrx_word' id='word_1_32' title='bbox 1005 1339 1079 1416; x_wconf 88' lang='lat' dir='ltr'><strong>mei,</strong></span> <span class='ocrx_word' id='word_1_33' title='bbox 1103 1343 1213 1404; x_wconf 88' lang='lat' dir='ltr'><strong>totum</strong></span> <span class='ocrx_word' id='word_1_34' title='bbox 1243 1360 1327 1426; x_wconf 88' lang='lat' dir='ltr'><strong>prae·</strong></span> 
     </span>
     <span class='ocr_line' id='line_1_6' title="bbox 272 1440 1325 1526; baseline -0.001 -19"><span class='ocrx_word' id='word_1_35' title='bbox 272 1441 397 1507; x_wconf 88' lang='lat' dir='ltr'><strong>dietum</strong></span> <span class='ocrx_word' id='word_1_36' title='bbox 421 1446 647 1506; x_wconf 76' lang='lat' dir='ltr'><strong>tenementum</strong></span> <span class='ocrx_word' id='word_1_37' title='bbox 670 1461 745 1506; x_wconf 88' lang='lat' dir='ltr'><strong>oum</strong></span> <span class='ocrx_word' id='word_1_38' title='bbox 766 1445 839 1506; x_wconf 92' lang='lat' dir='ltr'><strong>orto</strong></span> <span class='ocrx_word' id='word_1_39' title='bbox 862 1445 897 1505; x_wconf 88' lang='lat' dir='ltr'><strong>et</strong></span> <span class='ocrx_word' id='word_1_40' title='bbox 919 1440 993 1505; x_wconf 86' lang='lat' dir='ltr'><strong>aliis</strong></span> <span class='ocrx_word' id='word_1_41' title='bbox 1015 1441 1225 1526; x_wconf 75' lang='lat' dir='ltr'><strong>pertinentiis</strong></span> <span class='ocrx_word' id='word_1_42' title='bbox 1248 1442 1325 1518; x_wconf 85' lang='lat' dir='ltr'><strong>suis,</strong></span> 
     </span>
     <span class='ocr_line' id='line_1_7' title="bbox 272 1541 1325 1630; baseline -0.002 -20"><span class='ocrx_word' id='word_1_43' title='bbox 272 1549 306 1610; x_wconf 88' lang='lat' dir='ltr'><strong>et</strong></span> <span class='ocrx_word' id='word_1_44' title='bbox 329 1543 502 1630; x_wconf 65' lang='lat' dir='ltr'><strong>predictae</strong></span> <span class='ocrx_word' id='word_1_45' title='bbox 518 1547 644 1629; x_wconf 88' lang='lat' dir='ltr'><strong>septem</strong></span> <span class='ocrx_word' id='word_1_46' title='bbox 660 1564 751 1610; x_wconf 85' lang='lat' dir='ltr'><strong>aeras</strong></span> <span class='ocrx_word' id='word_1_47' title='bbox 767 1548 864 1608; x_wconf 83' lang='lat' dir='ltr'><strong>terrae</strong></span> <span class='ocrx_word' id='word_1_48' title='bbox 879 1547 914 1608; x_wconf 91' lang='lat' dir='ltr'><strong>et</strong></span> <span class='ocrx_word' id='word_1_49' title='bbox 936 1541 1118 1620; x_wconf 77' lang='lat' dir='ltr'><strong>dimidiam,</strong></span> <span class='ocrx_word' id='word_1_50' title='bbox 1133 1549 1169 1609; x_wconf 87' lang='lat' dir='ltr'><strong>et</strong></span> <span class='ocrx_word' id='word_1_51' title='bbox 1190 1544 1325 1610; x_wconf 88' lang='lat' dir='ltr'><strong>tertiam</strong></span> 
     </span>
     <span class='ocr_line' id='line_1_8' title="bbox 272 1637 1339 1734; baseline 0.001 -23"><span class='ocrx_word' id='word_1_52' title='bbox 272 1637 402 1734; x_wconf 77' lang='lat' dir='ltr'><strong>partem</strong></span> <span class='ocrx_word' id='word_1_53' title='bbox 416 1667 528 1734; x_wconf 80' lang='lat' dir='ltr'><strong>grnvae</strong></span> <span class='ocrx_word' id='word_1_54' title='bbox 545 1647 806 1733; x_wconf 72' lang='lat' dir='ltr'><strong>praenominata,</strong></span> <span class='ocrx_word' id='word_1_55' title='bbox 821 1667 896 1711; x_wconf 89' lang='lat' dir='ltr'><strong>oum</strong></span> <span class='ocrx_word' id='word_1_56' title='bbox 911 1645 1064 1711; x_wconf 88' lang='lat' dir='ltr'><strong>omnibus</strong></span> <span class='ocrx_word' id='word_1_57' title='bbox 1080 1646 1154 1711; x_wconf 89' lang='lat' dir='ltr'><strong>aliis</strong></span> <span class='ocrx_word' id='word_1_58' title='bbox 1170 1646 1267 1713; x_wconf 89' lang='lat' dir='ltr'><strong>rebus</strong></span> <span class='ocrx_word' id='word_1_59' title='bbox 1281 1643 1339 1712; x_wconf 89' lang='lat' dir='ltr'><strong>ad&#39;</strong></span> 
     </span>
     <span class='ocr_line' id='line_1_9' title="bbox 271 1747 1326 1838; baseline -0.001 -23"><span class='ocrx_word' id='word_1_60' title='bbox 271 1749 467 1838; x_wconf 80' lang='lat' dir='ltr'><strong>praedietum</strong></span> <span class='ocrx_word' id='word_1_61' title='bbox 490 1752 726 1826; x_wconf 70' lang='lat' dir='ltr'>tenementum,</span> <span class='ocrx_word' id='word_1_62' title='bbox 744 1751 779 1814; x_wconf 92' lang='lat' dir='ltr'><strong>et</strong></span> <span class='ocrx_word' id='word_1_63' title='bbox 801 1748 843 1813; x_wconf 89' lang='lat' dir='ltr'><strong>ad</strong></span> <span class='ocrx_word' id='word_1_64' title='bbox 866 1747 1059 1834; x_wconf 82' lang='lat' dir='ltr'><strong>praediotam</strong></span> <span class='ocrx_word' id='word_1_65' title='bbox 1076 1754 1198 1814; x_wconf 89' lang='lat' dir='ltr'><strong>terram</strong></span> <span class='ocrx_word' id='word_1_66' title='bbox 1214 1749 1326 1834; x_wconf 89' lang='lat' dir='ltr'><strong>aliquo</strong></span> 
     </span>
     <span class='ocr_line' id='line_1_10' title="bbox 273 1849 1327 1938; baseline 0 -22"><span class='ocrx_word' id='word_1_67' title='bbox 273 1851 397 1938; x_wconf 92' lang='lat' dir='ltr'><strong>[modo]</strong></span> <span class='ocrx_word' id='word_1_68' title='bbox 422 1849 675 1938; x_wconf 87' lang='lat' dir='ltr'><strong>pertinentibus,</strong></span> <span class='ocrx_word' id='word_1_69' title='bbox 698 1850 866 1938; x_wconf 81' lang='lat' dir='ltr'><strong>praediotis</strong></span> <span class='ocrx_word' id='word_1_70' title='bbox 889 1849 1005 1917; x_wconf 89' lang='lat' dir='ltr'><strong>abbati</strong></span> <span class='ocrx_word' id='word_1_71' title='bbox 1027 1855 1062 1916; x_wconf 89' lang='lat' dir='ltr'><strong>et</strong></span> <span class='ocrx_word' id='word_1_72' title='bbox 1084 1851 1274 1929; x_wconf 88' lang='lat' dir='ltr'><strong>oonventui,</strong></span> <span class='ocrx_word' id='word_1_73' title='bbox 1292 1857 1327 1916; x_wconf 91' lang='lat' dir='ltr'><strong>et</strong></span> 
     </span>
     <span class='ocr_line' id='line_1_11' title="bbox 272 1952 1326 2040; baseline -0.002 -20"><span class='ocrx_word' id='word_1_74' title='bbox 272 1975 385 2020; x_wconf 85' lang='lat' dir='ltr'><strong>eornm</strong></span> <span class='ocrx_word' id='word_1_75' title='bbox 406 1952 647 2020; x_wconf 80' lang='lat' dir='ltr'><strong>suecessoribus</strong></span> <span class='ocrx_word' id='word_1_76' title='bbox 671 1959 841 2020; x_wconf 88' lang='lat' dir='ltr'><strong>eteorum</strong></span> <span class='ocrx_word' id='word_1_77' title='bbox 864 1953 1051 2040; x_wconf 83' lang='lat' dir='ltr'><strong>assignatis,</strong></span> <span class='ocrx_word' id='word_1_78' title='bbox 1075 1957 1191 2019; x_wconf 85' lang='lat' dir='ltr'><strong>eontra</strong></span> <span class='ocrx_word' id='word_1_79' title='bbox 1213 1973 1326 2018; x_wconf 91' lang='lat' dir='ltr'><strong>omnes</strong></span> 
     </span>
     <span class='ocr_line' id='line_1_12' title="bbox 273 2053 1327 2143; baseline 0 -22"><span class='ocrx_word' id='word_1_80' title='bbox 273 2056 427 2122; x_wconf 82' lang='lat' dir='ltr'><strong>mortales</strong></span> <span class='ocrx_word' id='word_1_81' title='bbox 443 2057 687 2143; x_wconf 76' lang='lat' dir='ltr'>imperpetuum</span> <span class='ocrx_word' id='word_1_82' title='bbox 704 2056 1003 2123; x_wconf 76' lang='lat' dir='ltr'><strong>warantizabimus.</strong></span> <span class='ocrx_word' id='word_1_83' title='bbox 1052 2055 1097 2121; x_wconf 88' lang='lat' dir='ltr'><strong>Et</strong></span> <span class='ocrx_word' id='word_1_84' title='bbox 1111 2060 1151 2120; x_wconf 91' lang='lat' dir='ltr'><strong>ut</strong></span> <span class='ocrx_word' id='word_1_85' title='bbox 1166 2053 1237 2121; x_wconf 85' lang='lat' dir='ltr'><strong>haee</strong></span> <span class='ocrx_word' id='word_1_86' title='bbox 1253 2077 1327 2122; x_wconf 90' lang='lat' dir='ltr'><strong>mea</strong></span> 
     </span>
     <span class='ocr_line' id='line_1_13' title="bbox 274 2157 1327 2250; baseline -0.001 -26"><span class='ocrx_word' id='word_1_87' title='bbox 274 2158 408 2224; x_wconf 86' lang='lat' dir='ltr'><strong>donatio</strong></span> <span class='ocrx_word' id='word_1_88' title='bbox 431 2164 466 2224; x_wconf 90' lang='lat' dir='ltr'><strong>et</strong></span> <span class='ocrx_word' id='word_1_89' title='bbox 481 2159 646 2226; x_wconf 72' lang='lat' dir='ltr'><strong>concessio</strong></span> <span class='ocrx_word' id='word_1_90' title='bbox 668 2159 769 2224; x_wconf 90' lang='lat' dir='ltr'><strong>robur</strong></span> <span class='ocrx_word' id='word_1_91' title='bbox 785 2157 1019 2244; x_wconf 70' lang='lat' dir='ltr'><strong>perpetuitatis</strong></span> <span class='ocrx_word' id='word_1_92' title='bbox 1034 2157 1217 2244; x_wconf 77' lang='lat' dir='ltr'><strong>optineant,</strong></span> <span class='ocrx_word' id='word_1_93' title='bbox 1240 2157 1327 2250; x_wconf 79' lang='lat' dir='ltr'><strong>hano</strong></span> 
     </span>
     <span class='ocr_line' id='line_1_14' title="bbox 274 2259 1328 2346; baseline -0.002 -19"><span class='ocrx_word' id='word_1_94' title='bbox 274 2267 398 2327; x_wconf 83' lang='lat' dir='ltr'><strong>cartam</strong></span> <span class='ocrx_word' id='word_1_95' title='bbox 421 2260 545 2326; x_wconf 90' lang='lat' dir='ltr'><strong>eisdem</strong></span> <span class='ocrx_word' id='word_1_96' title='bbox 568 2260 682 2327; x_wconf 88' lang='lat' dir='ltr'><strong>abbati</strong></span> <span class='ocrx_word' id='word_1_97' title='bbox 713 2266 748 2326; x_wconf 88' lang='lat' dir='ltr'><strong>et</strong></span> <span class='ocrx_word' id='word_1_98' title='bbox 771 2261 949 2328; x_wconf 87' lang='lat' dir='ltr'><strong>eonventui</strong></span> <span class='ocrx_word' id='word_1_99' title='bbox 980 2260 1043 2326; x_wconf 82' lang='lat' dir='ltr'><strong>feei</strong></span> <span class='ocrx_word' id='word_1_100' title='bbox 1066 2263 1101 2324; x_wconf 93' lang='lat' dir='ltr'><strong>et</strong></span> <span class='ocrx_word' id='word_1_101' title='bbox 1122 2259 1231 2346; x_wconf 88' lang='lat' dir='ltr'><strong>sigillo</strong></span> <span class='ocrx_word' id='word_1_102' title='bbox 1255 2282 1328 2325; x_wconf 90' lang='lat' dir='ltr'><strong>meo</strong></span> 
     </span>
    </p>
   </div>
   <div class='ocr_carea' id='block_1_3' title="bbox 275 2363 967 2621">
    <p class='ocr_par' dir='ltr' id='par_1_3' title="bbox 275 2363 967 2621">
     <span class='ocr_line' id='line_1_15' title="bbox 275 2363 413 2450; baseline -0.014 -21"><span class='ocrx_word' id='word_1_103' title='bbox 275 2363 413 2450; x_wconf 84' lang='lat' dir='ltr'><strong>signavi.</strong></span> 
     </span>
     <span class='ocr_line' id='line_1_16' title="bbox 646 2551 967 2621; baseline -0.006 -1"><span class='ocrx_word' id='word_1_104' title='bbox 646 2551 726 2620; x_wconf 77' lang='lat' dir='ltr'><strong>Car.</strong></span> <span class='ocrx_word' id='word_1_105' title='bbox 750 2551 967 2621; x_wconf 70' lang='lat' dir='ltr'><strong>ccxxxvi</strong></span> 
     </span>
    </p>
   </div>
   <div class='ocr_carea' id='block_1_4' title="bbox 275 2690 1330 2882">
    <p class='ocr_par' dir='ltr' id='par_1_4' title="bbox 275 2690 1330 2882">
     <span class='ocr_line' id='line_1_17' title="bbox 275 2690 1330 2780; baseline 0.003 -21"><span class='ocrx_word' id='word_1_106' title='bbox 275 2693 399 2777; x_wconf 79' lang='lat' dir='ltr'><strong>Quieta</strong></span> <span class='ocrx_word' id='word_1_107' title='bbox 436 2692 630 2758; x_wconf 69' lang='lat' dir='ltr'><strong>clamantia</strong></span> <span class='ocrx_word' id='word_1_108' title='bbox 673 2690 808 2758; x_wconf 76' lang='lat' dir='ltr'><strong>Edittae</strong></span> <span class='ocrx_word' id='word_1_109' title='bbox 843 2692 930 2776; x_wconf 74' lang='lat' dir='ltr'><strong>filtra</strong></span> <span class='ocrx_word' id='word_1_110' title='bbox 976 2691 1119 2760; x_wconf 69' lang='lat' dir='ltr'><strong>Gelono·</strong></span> <span class='ocrx_word' id='word_1_111' title='bbox 1153 2693 1261 2780; x_wconf 78' lang='lat' dir='ltr'><strong>Peroy</strong></span> <span class='ocrx_word' id='word_1_112' title='bbox 1291 2695 1330 2762; x_wconf 82' lang='lat' dir='ltr'><strong>de</strong></span> 
     </span>
     <span class='ocr_line' id='line_1_18' title="bbox 564 2793 1046 2882; baseline 0 -22"><span class='ocrx_word' id='word_1_113' title='bbox 564 2793 715 2882; x_wconf 78' lang='lat' dir='ltr'><strong>quodam</strong></span> <span class='ocrx_word' id='word_1_114' title='bbox 739 2801 811 2860; x_wconf 80' lang='lat' dir='ltr'><strong>ovio</strong></span> <span class='ocrx_word' id='word_1_115' title='bbox 834 2793 876 2861; x_wconf 79' lang='lat' dir='ltr'><strong>ia</strong></span> <span class='ocrx_word' id='word_1_116' title='bbox 901 2794 1046 2862; x_wconf 79' lang='lat' dir='ltr'><strong>Oolerne.</strong></span> 
     </span>
    </p>
   </div>
   <div class='ocr_carea' id='block_1_5' title="bbox 265 2935 1500 4866">
    <p class='ocr_par' dir='ltr' id='par_1_5' title="bbox 265 2935 1500 4663">
     <span class='ocr_line' id='line_1_19' title="bbox 320 2935 1490 3023; baseline 0.005 -21"><span class='ocrx_word' id='word_1_117' title='bbox 320 2935 497 3002; x_wconf 88' lang='lat' dir='ltr'><strong>Universie</strong></span> <span class='ocrx_word' id='word_1_118' title='bbox 508 2956 668 3022; x_wconf 19' lang='lat' dir='ltr'><strong>‘praesens</strong></span> <span class='ocrx_word' id='word_1_119' title='bbox 689 2937 852 3023; x_wconf 84' lang='lat' dir='ltr'><strong>seriptum</strong></span> <span class='ocrx_word' id='word_1_120' title='bbox 873 2937 1072 3022; x_wconf 88' lang='lat' dir='ltr'><strong>inspecturis</strong></span> <span class='ocrx_word' id='word_1_121' title='bbox 1087 2939 1140 3003; x_wconf 89' lang='lat' dir='ltr'><strong>vel</strong></span> <span class='ocrx_word' id='word_1_122' title='bbox 1156 2938 1331 3018; x_wconf 86' lang='lat' dir='ltr'><strong>audituris,</strong></span> <span class='ocrx_word' id='word_1_123' title='bbox 1344 2947 1407 3009; x_wconf 83' lang='lat' dir='ltr'><strong>Quit</strong></span> <span class='ocrx_word' id='word_1_124' title='bbox 1417 2947 1490 2999; x_wconf 74' lang='lat' dir='ltr'><strong>alum</strong></span> 
     </span>
     <span class='ocr_line' id='line_1_20' title="bbox 276 3015 1500 3134; baseline 0.005 -30"><span class='ocrx_word' id='word_1_125' title='bbox 276 3038 400 3106; x_wconf 86' lang='lat' dir='ltr'><strong>Editha</strong></span> <span class='ocrx_word' id='word_1_126' title='bbox 432 3038 502 3104; x_wconf 85' lang='lat' dir='ltr'><strong>filia</strong></span> <span class='ocrx_word' id='word_1_127' title='bbox 533 3037 708 3126; x_wconf 83' lang='lat' dir='ltr'><strong>Gyleberti</strong></span> <span class='ocrx_word' id='word_1_128' title='bbox 743 3038 835 3104; x_wconf 89' lang='lat' dir='ltr'><strong>Peroi</strong></span> <span class='ocrx_word' id='word_1_129' title='bbox 866 3039 908 3105; x_wconf 92' lang='lat' dir='ltr'><strong>de</strong></span> <span class='ocrx_word' id='word_1_130' title='bbox 940 3037 1087 3119; x_wconf 79' lang='lat' dir='ltr'><strong>Coleme,</strong></span> <span class='ocrx_word' id='word_1_131' title='bbox 1120 3049 1154 3106; x_wconf 89' lang='lat' dir='ltr'><strong>et</strong></span> <span class='ocrx_word' id='word_1_132' title='bbox 1184 3015 1500 3134; x_wconf 63' lang='lat' dir='ltr'><strong>cristina2{3g‘,²,¹,²,²,⁰</strong></span> 
     </span>
     <span class='ocr_line' id='line_1_21' title="bbox 274 3139 1332 3219; baseline 0.004 -13"><span class='ocrx_word' id='word_1_133' title='bbox 274 3163 366 3206; x_wconf 86' lang='lat' dir='ltr'><strong>soror</strong></span> <span class='ocrx_word' id='word_1_134' title='bbox 389 3161 457 3219; x_wconf 89' lang='lat' dir='ltr'><strong>sua,</strong></span> <span class='ocrx_word' id='word_1_135' title='bbox 481 3140 624 3208; x_wconf 86' lang='lat' dir='ltr'><strong>salutem</strong></span> <span class='ocrx_word' id='word_1_136' title='bbox 652 3142 688 3205; x_wconf 91' lang='lat' dir='ltr'><strong>in</strong></span> <span class='ocrx_word' id='word_1_137' title='bbox 711 3139 856 3207; x_wconf 91' lang='lat' dir='ltr'><strong>Domino</strong></span> <span class='ocrx_word' id='word_1_138' title='bbox 878 3145 1045 3208; x_wconf 86' lang='lat' dir='ltr'><strong>aeternam.</strong></span> <span class='ocrx_word' id='word_1_139' title='bbox 1091 3142 1235 3209; x_wconf 87' lang='lat' dir='ltr'><strong>Noverit</strong></span> <span class='ocrx_word' id='word_1_140' title='bbox 1257 3145 1332 3210; x_wconf 92' lang='lat' dir='ltr'><strong>uni-</strong></span> 
     </span>
     <span class='ocr_line' id='line_1_22' title="bbox 274 3243 1332 3333; baseline 0.004 -25"><span class='ocrx_word' id='word_1_141' title='bbox 274 3243 417 3309; x_wconf 83' lang='lat' dir='ltr'><strong>versitas</strong></span> <span class='ocrx_word' id='word_1_142' title='bbox 447 3248 560 3310; x_wconf 91' lang='lat' dir='ltr'><strong>vestra</strong></span> <span class='ocrx_word' id='word_1_143' title='bbox 590 3265 650 3309; x_wconf 90' lang='lat' dir='ltr'><strong>nos</strong></span> <span class='ocrx_word' id='word_1_144' title='bbox 682 3243 821 3322; x_wconf 88' lang='lat' dir='ltr'><strong>dedisse,</strong></span> <span class='ocrx_word' id='word_1_145' title='bbox 845 3249 880 3308; x_wconf 91' lang='lat' dir='ltr'><strong>et</strong></span> <span class='ocrx_word' id='word_1_146' title='bbox 902 3245 1052 3330; x_wconf 90' lang='lat' dir='ltr'><strong>quietum</strong></span> <span class='ocrx_word' id='word_1_147' title='bbox 1083 3245 1249 3326; x_wconf 81' lang='lat' dir='ltr'><strong>clamasse,</strong></span> <span class='ocrx_word' id='word_1_148' title='bbox 1272 3268 1332 3333; x_wconf 91' lang='lat' dir='ltr'><strong>pro</strong></span> 
     </span>
     <span class='ocr_line' id='line_1_23' title="bbox 273 3344 1333 3422; baseline 0.005 -11"><span class='ocrx_word' id='word_1_149' title='bbox 273 3345 372 3411; x_wconf 90' lang='lat' dir='ltr'><strong>nobis</strong></span> <span class='ocrx_word' id='word_1_150' title='bbox 409 3351 444 3410; x_wconf 91' lang='lat' dir='ltr'><strong>et</strong></span> <span class='ocrx_word' id='word_1_151' title='bbox 481 3345 659 3410; x_wconf 90' lang='lat' dir='ltr'><strong>heredibus</strong></span> <span class='ocrx_word' id='word_1_152' title='bbox 698 3344 830 3422; x_wconf 87' lang='lat' dir='ltr'><strong>nostris,</strong></span> <span class='ocrx_word' id='word_1_153' title='bbox 865 3344 1013 3411; x_wconf 84' lang='lat' dir='ltr'><strong>Johanni</strong></span> <span class='ocrx_word' id='word_1_154' title='bbox 1047 3347 1089 3413; x_wconf 92' lang='lat' dir='ltr'><strong>de</strong></span> <span class='ocrx_word' id='word_1_155' title='bbox 1122 3345 1259 3414; x_wconf 83' lang='lat' dir='ltr'><strong>Ooleme</strong></span> <span class='ocrx_word' id='word_1_156' title='bbox 1298 3354 1333 3416; x_wconf 87' lang='lat' dir='ltr'><strong>et</strong></span> 
     </span>
     <span class='ocr_line' id='line_1_24' title="bbox 272 3446 1333 3537; baseline 0.007 -27"><span class='ocrx_word' id='word_1_157' title='bbox 272 3446 454 3534; x_wconf 85' lang='lat' dir='ltr'><strong>assignatis</strong></span> <span class='ocrx_word' id='word_1_158' title='bbox 485 3446 563 3524; x_wconf 91' lang='lat' dir='ltr'><strong>suis,</strong></span> <span class='ocrx_word' id='word_1_159' title='bbox 586 3451 696 3512; x_wconf 87' lang='lat' dir='ltr'><strong>totum</strong></span> <span class='ocrx_word' id='word_1_160' title='bbox 725 3447 781 3532; x_wconf 90' lang='lat' dir='ltr'><strong>jus</strong></span> <span class='ocrx_word' id='word_1_161' title='bbox 811 3451 961 3512; x_wconf 89' lang='lat' dir='ltr'><strong>nostrum</strong></span> <span class='ocrx_word' id='word_1_162' title='bbox 993 3451 1027 3512; x_wconf 88' lang='lat' dir='ltr'><strong>et</strong></span> <span class='ocrx_word' id='word_1_163' title='bbox 1056 3447 1220 3528; x_wconf 89' lang='lat' dir='ltr'><strong>elamium,</strong></span> <span class='ocrx_word' id='word_1_164' title='bbox 1243 3450 1333 3537; x_wconf 90' lang='lat' dir='ltr'><strong>quod</strong></span> 
     </span>
     <span class='ocr_line' id='line_1_25' title="bbox 273 3548 1332 3635; baseline 0.004 -23"><span class='ocrx_word' id='word_1_165' title='bbox 273 3548 464 3626; x_wconf 86' lang='lat' dir='ltr'><strong>habuimus,</strong></span> <span class='ocrx_word' id='word_1_166' title='bbox 496 3548 551 3614; x_wconf 89' lang='lat' dir='ltr'><strong>vel</strong></span> <span class='ocrx_word' id='word_1_167' title='bbox 584 3548 707 3614; x_wconf 89' lang='lat' dir='ltr'><strong>habere</strong></span> <span class='ocrx_word' id='word_1_168' title='bbox 744 3549 923 3635; x_wconf 86' lang='lat' dir='ltr'><strong>potuimus,</strong></span> <span class='ocrx_word' id='word_1_169' title='bbox 968 3549 1004 3614; x_wconf 90' lang='lat' dir='ltr'><strong>in</strong></span> <span class='ocrx_word' id='word_1_170' title='bbox 1039 3555 1110 3616; x_wconf 88' lang='lat' dir='ltr'><strong>orto</strong></span> <span class='ocrx_word' id='word_1_171' title='bbox 1148 3557 1262 3618; x_wconf 89' lang='lat' dir='ltr'><strong>nostro</strong></span> <span class='ocrx_word' id='word_1_172' title='bbox 1295 3553 1332 3616; x_wconf 94' lang='lat' dir='ltr'><strong>in</strong></span> 
     </span>
     <span class='ocr_line' id='line_1_26' title="bbox 272 3650 1332 3741; baseline 0.004 -25"><span class='ocrx_word' id='word_1_173' title='bbox 272 3651 360 3716; x_wconf 90' lang='lat' dir='ltr'><strong>villa</strong></span> <span class='ocrx_word' id='word_1_174' title='bbox 381 3653 423 3718; x_wconf 87' lang='lat' dir='ltr'><strong>de</strong></span> <span class='ocrx_word' id='word_1_175' title='bbox 447 3650 587 3719; x_wconf 80' lang='lat' dir='ltr'><strong>Ooleme</strong></span> <span class='ocrx_word' id='word_1_176' title='bbox 611 3672 686 3717; x_wconf 87' lang='lat' dir='ltr'><strong>eum</strong></span> <span class='ocrx_word' id='word_1_177' title='bbox 713 3651 946 3737; x_wconf 82' lang='lat' dir='ltr'><strong>pertinentiis3</strong></span> <span class='ocrx_word' id='word_1_178' title='bbox 975 3652 1101 3718; x_wconf 87' lang='lat' dir='ltr'><strong>seilicet</strong></span> <span class='ocrx_word' id='word_1_179' title='bbox 1124 3653 1332 3741; x_wconf 88' lang='lat' dir='ltr'><strong>longitndine</strong></span> 
     </span>
     <span class='ocr_line' id='line_1_27' title="bbox 272 3752 1333 3844; baseline 0.003 -24"><span class='ocrx_word' id='word_1_180' title='bbox 272 3754 454 3842; x_wconf 82' lang='lat' dir='ltr'><strong>sexaginta</strong></span> <span class='ocrx_word' id='word_1_181' title='bbox 486 3757 630 3839; x_wconf 84' lang='lat' dir='ltr'><strong>quatuor</strong></span> <span class='ocrx_word' id='word_1_182' title='bbox 656 3753 787 3840; x_wconf 90' lang='lat' dir='ltr'><strong>pedum,</strong></span> <span class='ocrx_word' id='word_1_183' title='bbox 812 3757 846 3818; x_wconf 92' lang='lat' dir='ltr'><strong>et</strong></span> <span class='ocrx_word' id='word_1_184' title='bbox 878 3752 1057 3820; x_wconf 88' lang='lat' dir='ltr'><strong>latitudine</strong></span> <span class='ocrx_word' id='word_1_185' title='bbox 1090 3756 1333 3844; x_wconf 81' lang='lat' dir='ltr'><strong>quinquaginta</strong></span> 
     </span>
     <span class='ocr_line' id='line_1_28' title="bbox 272 3854 1332 3943; baseline 0.004 -21"><span class='ocrx_word' id='word_1_186' title='bbox 272 3863 405 3943; x_wconf 89' lang='lat' dir='ltr'><strong>septem</strong></span> <span class='ocrx_word' id='word_1_187' title='bbox 427 3855 569 3942; x_wconf 87' lang='lat' dir='ltr'><strong>pedum:</strong></span> <span class='ocrx_word' id='word_1_188' title='bbox 602 3855 783 3921; x_wconf 88' lang='lat' dir='ltr'><strong>tenendum</strong></span> <span class='ocrx_word' id='word_1_189' title='bbox 807 3861 841 3921; x_wconf 91' lang='lat' dir='ltr'><strong>et</strong></span> <span class='ocrx_word' id='word_1_190' title='bbox 862 3854 1052 3922; x_wconf 89' lang='lat' dir='ltr'><strong>habendum</strong></span> <span class='ocrx_word' id='word_1_191' title='bbox 1077 3857 1165 3925; x_wconf 87' lang='lat' dir='ltr'><strong>dioto</strong></span> <span class='ocrx_word' id='word_1_192' title='bbox 1184 3858 1332 3926; x_wconf 84' lang='lat' dir='ltr'><strong>Johanni</strong></span> 
     </span>
     <span class='ocr_line' id='line_1_29' title="bbox 271 3957 1332 4045; baseline 0.004 -20"><span class='ocrx_word' id='word_1_193' title='bbox 271 3965 309 4025; x_wconf 86' lang='lat' dir='ltr'><strong>et</strong></span> <span class='ocrx_word' id='word_1_194' title='bbox 335 3958 515 4045; x_wconf 82' lang='lat' dir='ltr'><strong>assignatis</strong></span> <span class='ocrx_word' id='word_1_195' title='bbox 536 3957 791 4045; x_wconf 89' lang='lat' dir='ltr'><strong>imperpetuum.</strong></span> <span class='ocrx_word' id='word_1_196' title='bbox 850 3957 912 4024; x_wconf 88' lang='lat' dir='ltr'><strong>Pro</strong></span> <span class='ocrx_word' id='word_1_197' title='bbox 935 3958 998 4024; x_wconf 86' lang='lat' dir='ltr'><strong>hae</strong></span> <span class='ocrx_word' id='word_1_198' title='bbox 1020 3965 1131 4026; x_wconf 86' lang='lat' dir='ltr'><strong>autem</strong></span> <span class='ocrx_word' id='word_1_199' title='bbox 1155 3961 1332 4029; x_wconf 87' lang='lat' dir='ltr'><strong>donatione</strong></span> 
     </span>
     <span class='ocr_line' id='line_1_30' title="bbox 270 4058 1333 4149; baseline 0.003 -22"><span class='ocrx_word' id='word_1_200' title='bbox 270 4067 393 4127; x_wconf 84' lang='lat' dir='ltr'><strong>nostra</strong></span> <span class='ocrx_word' id='word_1_201' title='bbox 431 4065 466 4125; x_wconf 89' lang='lat' dir='ltr'><strong>et</strong></span> <span class='ocrx_word' id='word_1_202' title='bbox 500 4061 615 4145; x_wconf 91' lang='lat' dir='ltr'><strong>quieta</strong></span> <span class='ocrx_word' id='word_1_203' title='bbox 654 4058 852 4125; x_wconf 83' lang='lat' dir='ltr'><strong>clamatione</strong></span> <span class='ocrx_word' id='word_1_204' title='bbox 889 4059 984 4126; x_wconf 91' lang='lat' dir='ltr'><strong>dedit</strong></span> <span class='ocrx_word' id='word_1_205' title='bbox 1020 4061 1116 4127; x_wconf 90' lang='lat' dir='ltr'><strong>nobis</strong></span> <span class='ocrx_word' id='word_1_206' title='bbox 1155 4063 1333 4149; x_wconf 82' lang='lat' dir='ltr'><strong>praedictus</strong></span> 
     </span>
     <span class='ocr_line' id='line_1_31' title="bbox 270 4159 1333 4250; baseline 0 -21"><span class='ocrx_word' id='word_1_207' title='bbox 270 4163 449 4230; x_wconf 84' lang='lat' dir='ltr'><strong>Johannes</strong></span> <span class='ocrx_word' id='word_1_208' title='bbox 483 4161 732 4248; x_wconf 88' lang='lat' dir='ltr'><strong>quatuordeeim</strong></span> <span class='ocrx_word' id='word_1_209' title='bbox 755 4159 876 4226; x_wconf 87' lang='lat' dir='ltr'><strong>solidos</strong></span> <span class='ocrx_word' id='word_1_210' title='bbox 907 4162 1169 4250; x_wconf 81' lang='lat' dir='ltr'><strong>sterlinguorum.</strong></span> <span class='ocrx_word' id='word_1_211' title='bbox 1244 4165 1333 4246; x_wconf 80' lang='lat' dir='ltr'><strong>Qua-</strong></span> 
     </span>
     <span class='ocr_line' id='line_1_32' title="bbox 269 4264 1333 4355; baseline 0.004 -24"><span class='ocrx_word' id='word_1_212' title='bbox 269 4271 414 4355; x_wconf 88' lang='lat' dir='ltr'><strong>propter</strong></span> <span class='ocrx_word' id='word_1_213' title='bbox 437 4285 498 4330; x_wconf 85' lang='lat' dir='ltr'><strong>nos</strong></span> <span class='ocrx_word' id='word_1_214' title='bbox 522 4268 556 4329; x_wconf 88' lang='lat' dir='ltr'><strong>et</strong></span> <span class='ocrx_word' id='word_1_215' title='bbox 582 4264 719 4330; x_wconf 90' lang='lat' dir='ltr'><strong>heredes</strong></span> <span class='ocrx_word' id='word_1_216' title='bbox 750 4265 855 4330; x_wconf 85' lang='lat' dir='ltr'><strong>nostri</strong></span> <span class='ocrx_word' id='word_1_217' title='bbox 879 4264 1036 4331; x_wconf 85' lang='lat' dir='ltr'><strong>debemus</strong></span> <span class='ocrx_word' id='word_1_218' title='bbox 1059 4269 1275 4335; x_wconf 74' lang='lat' dir='ltr'><strong>warrantizare</strong></span> <span class='ocrx_word' id='word_1_219' title='bbox 1298 4275 1333 4334; x_wconf 89' lang='lat' dir='ltr'><strong>et</strong></span> 
     </span>
     <span class='ocr_line' id='line_1_33' title="bbox 269 4366 1333 4458; baseline 0.004 -23"><span class='ocrx_word' id='word_1_220' title='bbox 269 4367 457 4435; x_wconf 87' lang='lat' dir='ltr'><strong>defendere</strong></span> <span class='ocrx_word' id='word_1_221' title='bbox 480 4367 522 4432; x_wconf 88' lang='lat' dir='ltr'><strong>de</strong></span> <span class='ocrx_word' id='word_1_222' title='bbox 544 4367 698 4432; x_wconf 89' lang='lat' dir='ltr'><strong>omnibns</strong></span> <span class='ocrx_word' id='word_1_223' title='bbox 721 4366 868 4434; x_wconf 82' lang='lat' dir='ltr'><strong>serviciis</strong></span> <span class='ocrx_word' id='word_1_224' title='bbox 891 4367 1093 4434; x_wconf 82' lang='lat' dir='ltr'><strong>secularibus</strong></span> <span class='ocrx_word' id='word_1_225' title='bbox 1115 4376 1226 4436; x_wconf 88' lang='lat' dir='ltr'><strong>ortum</strong></span> <span class='ocrx_word' id='word_1_226' title='bbox 1248 4393 1333 4458; x_wconf 85' lang='lat' dir='ltr'><strong>prae-</strong></span> 
     </span>
     <span class='ocr_line' id='line_1_34' title="bbox 267 4469 1333 4556; baseline 0.004 -18"><span class='ocrx_word' id='word_1_227' title='bbox 267 4473 407 4538; x_wconf 88' lang='lat' dir='ltr'><strong>diotum</strong></span> <span class='ocrx_word' id='word_1_228' title='bbox 438 4490 515 4536; x_wconf 88' lang='lat' dir='ltr'><strong>eum</strong></span> <span class='ocrx_word' id='word_1_229' title='bbox 549 4469 760 4555; x_wconf 84' lang='lat' dir='ltr'><strong>pertinentiis</strong></span> <span class='ocrx_word' id='word_1_230' title='bbox 794 4469 970 4556; x_wconf 83' lang='lat' dir='ltr'><strong>praediotis,</strong></span> <span class='ocrx_word' id='word_1_231' title='bbox 998 4471 1087 4538; x_wconf 85' lang='lat' dir='ltr'><strong>dioto</strong></span> <span class='ocrx_word' id='word_1_232' title='bbox 1119 4472 1266 4540; x_wconf 88' lang='lat' dir='ltr'><strong>Johanni</strong></span> <span class='ocrx_word' id='word_1_233' title='bbox 1298 4483 1333 4542; x_wconf 90' lang='lat' dir='ltr'><strong>et</strong></span> 
     </span>
     <span class='ocr_line' id='line_1_35' title="bbox 265 4571 1276 4663; baseline 0.003 -22"><span class='ocrx_word' id='word_1_234' title='bbox 265 4571 458 4660; x_wconf 87' lang='lat' dir='ltr'><strong>assignatis</strong></span> <span class='ocrx_word' id='word_1_235' title='bbox 480 4572 549 4637; x_wconf 92' lang='lat' dir='ltr'><strong>suis</strong></span> <span class='ocrx_word' id='word_1_236' title='bbox 572 4576 687 4638; x_wconf 88' lang='lat' dir='ltr'><strong>eontra</strong></span> <span class='ocrx_word' id='word_1_237' title='bbox 710 4593 823 4638; x_wconf 87' lang='lat' dir='ltr'><strong>omnes</strong></span> <span class='ocrx_word' id='word_1_238' title='bbox 846 4574 1001 4639; x_wconf 81' lang='lat' dir='ltr'><strong>mortales</strong></span> <span class='ocrx_word' id='word_1_239' title='bbox 1023 4575 1276 4663; x_wconf 88' lang='lat' dir='ltr'><strong>imperpetuum.</strong></span> 
     </span>
    </p>

    <p class='ocr_par' dir='ltr' id='par_1_6' title="bbox 265 4673 1333 4866">
     <span class='ocr_line' id='line_1_36' title="bbox 318 4673 1333 4769; baseline 0.011 -30"><span class='ocrx_word' id='word_1_240' title='bbox 318 4675 368 4740; x_wconf 93' lang='lat' dir='ltr'><strong>In</strong></span> <span class='ocrx_word' id='word_1_241' title='bbox 406 4673 507 4760; x_wconf 88' lang='lat' dir='ltr'><strong>hujus</strong></span> <span class='ocrx_word' id='word_1_242' title='bbox 544 4694 624 4739; x_wconf 90' lang='lat' dir='ltr'><strong>vero</strong></span> <span class='ocrx_word' id='word_1_243' title='bbox 662 4674 710 4738; x_wconf 87' lang='lat' dir='ltr'><strong>rei</strong></span> <span class='ocrx_word' id='word_1_244' title='bbox 748 4674 977 4741; x_wconf 89' lang='lat' dir='ltr'><strong>testimonium</strong></span> <span class='ocrx_word' id='word_1_245' title='bbox 1014 4681 1172 4763; x_wconf 77' lang='lat' dir='ltr'><strong>praesenti</strong></span> <span class='ocrx_word' id='word_1_246' title='bbox 1210 4683 1333 4769; x_wconf 82' lang='lat' dir='ltr'><strong>scripto</strong></span> 
     </span>
     <span class='ocr_line' id='line_1_37' title="bbox 265 4775 770 4866; baseline -0.004 -20"><span class='ocrx_word' id='word_1_247' title='bbox 265 4775 394 4866; x_wconf 80' lang='lat' dir='ltr'><strong>sigilla</strong></span> <span class='ocrx_word' id='word_1_248' title='bbox 413 4782 528 4842; x_wconf 87' lang='lat' dir='ltr'><strong>nostra</strong></span> <span class='ocrx_word' id='word_1_249' title='bbox 549 4775 770 4863; x_wconf 86' lang='lat' dir='ltr'><strong>apposuimus.</strong></span> 
     </span>
    </p>
   </div>
   <div class='ocr_carea' id='block_1_6' title="bbox 1132 4887 1200 4952">
    <p class='ocr_par' dir='ltr' id='par_1_7' title="bbox 1132 4887 1200 4952">
     <span class='ocr_line' id='line_1_38' title="bbox 1132 4887 1200 4952; baseline -0.029 0"><span class='ocrx_word' id='word_1_250' title='bbox 1132 4887 1200 4952; x_wconf 65' lang='grc'><strong>(12</strong></span> 
     </span>
    </p>
   </div>
   <div class='ocr_carea' id='block_1_7' title="bbox 0 0 1794 5808">
    <p class='ocr_par' dir='ltr' id='par_1_8' title="bbox 0 0 1794 5808">
     <span class='ocr_line' id='line_1_39' title="bbox 0 0 1794 5808; baseline 0 1"><span class='ocrx_word' id='word_1_251' title='bbox 0 0 1794 5808; x_wconf 95' lang='lat' dir='ltr'><strong> </strong></span> 
     </span>
    </p>
   </div>
  </div>
 </body>
</html>
