3524 5808
450 904 515 971 alo
704 916 902 972 aac1sraun
925 915 1248 974 mumaumansu.

449 1105 547 1176 modo
569 1103 713 1173 alienam
743 1103 816 1172 sine
846 1124 983 1176 aeacum
1017 1110 1052 1170 et
1083 1105 1256 1176 voluntate
1290 1111 1413 1176 nostra
1458 1105 1503 1173 Et

449 1209 477 1278 si
500 1208 673 1294 contingat
688 1207 884 1294 praediotum
899 1206 1079 1278 Ricardum
1095 1213 1157 1275 aut
1171 1207 1195 1273 J
1196 1207 1340 1280 ulianam
1365 1229 1501 1276 uxorem

449 1311 520 1396 ejus
542 1311 578 1375 in
601 1309 763 1376 solutione
786 1309 937 1396 praedicti
955 1309 1106 1376 redditus
1121 1309 1233 1396 aliquo
1254 1312 1398 1384 termino
1420 1333 1502 1399 pras-

448 1413 619 1480 nominato
652 1409 798 1490 deficere,
835 1411 890 1476 vel
928 1411 1055 1478 dictum
1100 1417 1328 1480 tenementum
1374 1415 1501 1482 ratione

449 1515 655 1602 impotentiae
677 1515 732 1580 vel
754 1513 986 1602 qualicumque
1008 1514 1075 1582 alia
1097 1516 1265 1582 occasione
1288 1517 1501 1605 contingente

449 1620 578 1686 diruere
613 1617 823 1706 permiserint
863 1615 918 1682 vel
934 1681 935 1686 ,
953 1603 1161 1696 deteriorare,
1199 1617 1297 1686 liceat
1330 1621 1427 1686 nobis
1464 1627 1500 1687 et

448 1724 686 1791 successoribus
707 1720 830 1788 nostris
853 1721 1049 1808 predictum
1076 1726 1312 1802 tenementum,
1335 1745 1410 1792 cum
1433 1746 1503 1790 om-

447 1829 545 1894 nibus
568 1825 778 1914 pertinentiis
801 1824 878 1904 suis,
901 1825 938 1888 in
961 1845 1080 1890 manus
1103 1830 1233 1892 nostras
1255 1845 1380 1914 capere,
1403 1829 1500 1892 etde

448 1931 561 1996 eodem
584 1929 841 2017 provoluntate
863 1931 979 1993 nostra
1001 1928 1155 1994 ordinare
1188 1932 1222 1993 et
1254 1929 1435 2016 disperiere,
1467 1934 1502 1995 et

448 2033 553 2100 dictos
576 2032 755 2098 Ricardum
779 2035 814 2095 et
836 2027 1008 2096 Julianam
1034 2051 1094 2116 per
1128 2051 1241 2096 omnes
1272 2037 1387 2109 terrae,
1410 2038 1501 2098 tene-

445 2141 560 2202 mcnta
593 2140 629 2200 et
666 2133 786 2201 catalla
808 2153 869 2198 sua
891 2131 1092 2218 ubicumque
1123 2133 1249 2199 fuerint
1281 2135 1429 2214 inventa,
1460 2137 1500 2200 de

448 2237 501 2303 die
524 2238 560 2302 in
583 2236 671 2304 diem
694 2235 901 2324 distringere,
924 2234 1057 2300 sublata
1088 2237 1180 2300 omni
1213 2237 1501 2304 administratione

446 2340 482 2404 in
505 2339 637 2418 eisdem,
661 2358 830 2426 quousque
853 2338 894 2402 de
917 2337 1050 2403 redditu
1074 2343 1186 2404 nostro
1210 2338 1377 2424 praedicto‚
1400 2340 1457 2426 qui
1480 2362 1501 2406 a

446 2449 534 2509 retro
556 2441 667 2520 fuerit,
691 2441 787 2508 nobis
810 2444 845 2505 et
867 2439 1106 2508 successoribus
1137 2441 1258 2506 nostris
1281 2441 1378 2528 plene
1401 2442 1501 2506 fuerit

447 2545 663 2622 satisfactum,
697 2548 731 2608 et
763 2543 960 2630 praedictum
993 2547 1221 2608 tenementum
1259 2544 1296 2607 in
1326 2545 1418 2610 omni
1448 2545 1499 2608 sui

445 2653 548 2734 parte,
572 2669 646 2734 quae
669 2646 869 2713 correctione
885 2645 1076 2732 indiguerit,
1100 2645 1170 2710 suis
1200 2646 1391 2734 sumptibus
1412 2646 1498 2712 suffi-

445 2754 569 2818 cienter
600 2751 702 2815 fuerit
734 2749 957 2815 emendatum.
1003 2749 1048 2813 Et
1080 2770 1180 2836 quam
1212 2749 1310 2816 citius
1342 2751 1383 2816 da
1417 2772 1497 2838 prae·

444 2859 542 2924 dietis
564 2856 705 2924 Ricardo
735 2859 771 2921 et
793 2853 931 2922 Juliana
952 2853 1147 2923 humanitus
1179 2855 1366 2945 contigerit,
1391 2861 1496 2922 totum

444 2959 641 3046 praedictum
664 2962 893 3025 tenementum
916 2957 959 3024 ad
988 2978 1050 3024 nos
1073 2962 1108 3024 et
1140 2979 1338 3024 successores
1371 2961 1498 3026 nostros

444 3068 640 3130 revertatur.
687 3061 731 3126 Et
765 3082 825 3129 nos
860 3065 895 3127 et
928 3081 1129 3128 successores
1161 3063 1268 3128 nostri
1302 3061 1496 3150 praedictum

444 3171 672 3234 tenementum.
695 3187 770 3230 cum
794 3162 947 3232 omnibus
978 3163 1046 3230 suis
1070 3164 1282 3252 pertinentiis
1305 3165 1392 3230 sicut
1414 3186 1496 3252 prae·

444 3269 571 3335 dictum
593 3273 653 3346 cst,
675 3267 843 3355 praedictis
867 3266 1009 3334 Ricardo
1024 3271 1059 3332 et
1081 3265 1226 3334 Julianae
1249 3271 1365 3334 contra
1386 3287 1496 3335 ornnes

443 3371 598 3438 mortales
614 3370 917 3446 warantizabimus,
932 3369 1197 3458 acquietabimus
1220 3376 1255 3436 et
1277 3369 1496 3438 defendemus.

443 3472 484 3537 In
507 3475 601 3560 cujus
624 3474 672 3538 rei
695 3471 924 3538 testimonium
947 3471 1010 3538 hoc
1040 3472 1201 3558 scriptum
1235 3473 1322 3538 inter
1354 3493 1412 3538 nos
1446 3477 1495 3538 cst

441 3576 627 3644 confectum
650 3582 685 3640 et
707 3575 824 3662 sigillis
847 3574 969 3642 nostris
1000 3575 1193 3643 alternatim
1226 3575 1379 3664 appensis
1402 3573 1493 3641 robo-

442 3684 560 3746 ratum.
595 3678 687 3743 ‘Hiis
708 3677 859 3744 testibus.

825 3930 903 3997 Ore.
929 3929 1114 3998 OOCOLII.

461 4083 564 4150 Certa
587 4079 717 4147 ‹abbcetia
741 4086 770 4144 et
793 4084 973 4144 corcuculus
990 4077 1087 4164 furtu
1110 4076 1266 4144 Mun'ldcc
1289 4076 1417 4144 Siluart
1440 4077 1476 4143 dc

465 4191 647 4252 tenemento
670 4205 708 4250 ec
732 4179 882 4269 opposito
905 4179 1039 4266 sepellre
1065 4179 1233 4247 Omnium
1255 4179 1465 4248 Sanctorum.

268 4367 288 4417 f.
301 4373 347 4418 291
363 4368 386 4418 a,
485 4335 661 4403 Universis
685 4333 811 4401 Christi
834 4331 987 4398 fidelibus
1017 4353 1160 4418 praeseus
1191 4331 1351 4416 scriptum
1375 4330 1492 4394 visuris

271 4452 405 4502 Grantsor
441 4441 494 4508 vel
517 4438 689 4514 audituris
706 4434 890 4502 Willelmue
913 4433 976 4500 Dei
992 4434 1101 4520 gralia
1123 4433 1225 4500 abbae
1244 4433 1492 4509 Mnesteris,

267 4517 396 4634 mg,
441 4549 475 4607 et
498 4541 644 4628 ejusdem
667 4538 730 4606 loci
753 4542 943 4614 conventus,
969 4535 1111 4604 salutem
1134 4540 1294 4604 aeternam
1317 4537 1354 4600 in
1381 4535 1492 4601 Domi-

269 4650 377 4727 inffiah
390 4650 426 4702 St·
440 4669 490 4713 no.
539 4643 681 4712 Noverit
702 4639 903 4706 universitas
925 4643 1036 4706 vestra
1058 4659 1119 4706 nos
1141 4637 1321 4706 concessise
1344 4637 1492 4704 Matildn

267 4725 418 4836 ffffssssffip,
439 4745 582 4834 Synard
614 4742 767 4811 omnibus
798 4741 914 4810 diebus
945 4741 1026 4808 vitae
1053 4761 1120 4808 suae
1153 4745 1262 4808 totum
1284 4739 1369 4806 illud
1403 4743 1492 4806 tene-

155 4865 156 4868 ’
268 4849 411 4967 ξξζξζῑξω
436 4855 586 4920 mentum
620 4868 695 4918 cum
728 4848 800 4914 toto
833 4843 1020 4930 curtilia-gio
1042 4842 1224 4931 adjacente,
1248 4841 1337 4930 quod
1359 4840 1492 4929 quidem
