3578 5808
580 909 779 960 xrorsrsuu
802 909 1124 960 uscnussunrsuss.
1337 897 1378 960 19

328 1091 482 1159 volumus
514 1097 685 1182 pervenire
720 1095 884 1172 notitiam,
908 1095 998 1181 quod
1029 1094 1099 1160 hoec
1130 1101 1182 1162 est
1204 1095 1379 1162 conventio

329 1193 417 1260 faeta
438 1197 527 1263 inter
550 1197 601 1263 W.
623 1198 776 1264 abbatem
800 1202 835 1262 et
857 1200 1057 1262 conventum
1082 1196 1123 1261 de
1146 1196 1380 1263 Malmesburia

330 1319 371 1362 ex
395 1321 462 1365 una
484 1306 587 1386 parte,
611 1306 646 1365 et
668 1300 718 1365 W.
742 1301 883 1386 priorem
915 1305 949 1364 et
971 1304 1172 1364 conventum
1200 1300 1240 1364 de
1265 1299 1380 1366 Kenil-

331 1401 421 1466 wrde
445 1424 486 1478 ex
510 1403 594 1482 alia;
623 1402 779 1468 videlicet
801 1402 889 1487 quod
912 1401 994 1468 dicti
1017 1401 1118 1466 abbas
1141 1407 1176 1467 et
1198 1408 1381 1467 conventus

331 1505 372 1570 de
396 1507 630 1573 Malmesburis
652 1505 862 1572 tradiderunt
892 1507 990 1572 dictis
1021 1506 1122 1592 priori
1145 1512 1179 1572 et
1201 1507 1381 1571 conventui

331 1607 371 1671 de
395 1607 614 1697 Kenillewrpe
644 1609 687 1673 ad
710 1613 903 1695 perpetuam
930 1608 1059 1672 firmam
1092 1629 1204 1674 omnes
1239 1608 1381 1674 decimes

332 1731 405 1794 quse
434 1710 478 1775 ad
501 1733 555 1776 eos
588 1712 757 1797 pertinent
789 1711 825 1774 in
848 1709 929 1774 villa
960 1711 1001 1775 de
1024 1710 1207 1776 Newebold
1241 1717 1310 1776 tam
1346 1711 1382 1776 in

330 1813 439 1898 garbis
455 1835 554 1898 quam
578 1814 614 1878 in
629 1812 702 1878 aliis
718 1813 824 1890 rebus,
840 1814 1071 1899 inperpetuum
1088 1814 1128 1878 de
1144 1814 1191 1878 eis
1214 1814 1381 1891 tenendas,

330 1915 496 1980 reddendo
520 1916 596 1980 inde
620 1916 792 1980 annuatim
817 1916 863 1979 eis
887 1937 942 1980 xx.
966 1916 1022 1980 sol.
1050 1916 1306 2002 sterlinguorum
1337 1917 1381 1982 ad

330 2019 411 2082 duos
442 2018 599 2083 terminos
629 2019 718 2094 anni,
749 2017 874 2083 scilicet
904 2018 946 2082 ad
978 2016 1104 2084 Pascha
1133 2041 1163 2082 x.
1188 2018 1245 2082 sol.
1278 2019 1378 2084 etad

330 2120 450 2184 festum
483 2117 597 2184 Sancti
630 2120 800 2184 Michaelis
833 2142 864 2184 x.
890 2119 946 2184 sol.
1006 2120 1109 2185 Istam
1141 2125 1252 2185 autem
1284 2141 1380 2206 pecu-

330 2223 419 2286 niam
443 2222 524 2287 dicti
547 2222 636 2308 prior
651 2227 685 2286 et
708 2226 889 2287 conventus
913 2222 953 2286 de
971 2222 1189 2310 Kenillewrpe
1212 2223 1380 2308 assignato

330 2345 389 2410 per
410 2323 624 2389 camerarium
655 2323 696 2388 de
720 2323 964 2401 Malmesburia‚
986 2324 1185 2409 quicumque
1215 2345 1274 2410 pro
1297 2329 1380 2389 tem-

329 2445 406 2510 pore
421 2425 532 2501 fusrit,
547 2424 637 2510 apud
652 2423 851 2489 Neuuebold
867 2424 1010 2490 fideliter
1025 2425 1216 2510 persolvent
1231 2425 1381 2489 terminis

331 2527 586 2613 prenominatis.
647 2527 743 2606 Quod
777 2527 805 2590 si
838 2527 987 2592 terminis
1019 2532 1054 2592 et
1086 2527 1157 2593 loco
1188 2530 1381 2614 praetaxatis

331 2630 383 2695 vel
404 2629 491 2694 infra
507 2634 580 2694 octo
596 2630 666 2694 dies
681 2635 854 2716 sequentes
870 2630 992 2696 dictam
1014 2631 1186 2716 pecuniam
1210 2633 1381 2696 memorati

330 2733 419 2818 prior
451 2737 486 2796 et
515 2739 697 2797 conventus
730 2733 821 2819 apud
852 2731 1057 2810 Ncewebold,
1088 2734 1174 2798 sicut
1207 2733 1296 2798 inter
1327 2755 1383 2798 eos

330 2835 493 2911 convenit,
516 2855 584 2898 non
608 2833 776 2913 solverint,
800 2834 946 2919 quinque
970 2835 1026 2899 sol.
1049 2835 1182 2900 nomine
1205 2856 1313 2920 poenae
1340 2835 1383 2900 ad

332 2935 511 3020 quemlibet
534 2935 711 3000 terminum
735 2935 930 3022 persolvent.
978 2935 1019 3000 In
1041 2935 1141 3023 hujus
1163 2938 1211 3002 rei
1235 2937 1382 3002 testimo·

331 3038 423 3101 nium
446 3037 508 3103 hoc
531 3038 690 3124 scriptum
721 3038 792 3102 fieri
814 3038 961 3115 fecimus,
983 3045 1020 3104 ct
1042 3039 1224 3124 elgillorum
1254 3043 1381 3104 nostro-

332 3161 404 3205 rum
427 3141 610 3205 munimine
633 3140 869 3205 roboravimus.
916 3140 993 3204 Hiis
1016 3141 1166 3218 testibus,
1191 3145 1250 3207 etc.

735 3378 813 3446 CAP.
839 3377 989 3445 CLVIII.

334 3544 436 3610 Carra
454 3541 585 3609 Theonoe
608 3543 647 3608 de
662 3541 833 3607 Peritonc
854 3563 956 3626 super
971 3541 1110 3608 &rimis
1130 3542 1300 3609 domimca'
1322 3545 1381 3612 sai

740 3642 781 3708 cle
803 3643 979 3709 Pwritone.

377 3783 490 3848 Sciant
512 3787 581 3846 tam
605 3788 782 3867 praesentes
805 3802 904 3866 quam
927 3781 1033 3846 futuri
1055 3781 1144 3867 quod
1164 3803 1224 3868 ego
1239 3782 1381 3850 Thomas
1395 3794 1523 3850 Granrofl

331 3885 372 3949 de
395 3884 547 3950 Peritonc
570 3883 658 3947 filius
681 3883 772 3960 Ades,
793 3883 934 3948 concessi
957 3889 992 3947 et
1013 3883 1075 3949 hac
1098 3905 1171 3950 mea
1194 3891 1284 3950 carte
1306 3861 1513 3980 con-{ml

332 3985 461 4050 firmavi
499 3986 571 4050 Deo
604 3990 638 4050 et
670 3984 813 4050 ecclesise
853 3984 1095 4051 Malmesburiae
1133 3992 1169 4052 et
1202 3991 1382 4054 conventui

334 4089 479 4173 ejusdem
505 4089 575 4166 loci,
601 4109 714 4152 onmes
737 4087 880 4154 decimas
902 4087 942 4153 (le
966 4087 1112 4152 dominio
1135 4109 1207 4154 meo
1231 4090 1271 4155 de
1293 4090 1382 4156 Peri-

331 4197 408 4256 tonc
433 4191 530 4256 etde
553 4190 739 4266 Niwetone‚
762 4189 804 4254 ad
828 4190 986 4254 vestitum
1003 4211 1109 4268 suum,
1133 4211 1213 4275 quas
1236 4198 1382 4259 anteces-

332 4315 418 4358 sores
449 4295 514 4358 mei
541 4292 607 4357 illis
633 4295 859 4357 concesserant
886 4296 921 4356 et
946 4291 1159 4358 donaverant.
1214 4293 1282 4359 Sed
1304 4297 1384 4380 quia

332 4395 585 4460 consuetudines
608 4393 759 4479 quaedam
792 4392 858 4458 illis
889 4393 1052 4480 impositae
1075 4394 1211 4460 fuerunt
1233 4395 1308 4482 plus
1340 4399 1381 4464 de

330 4498 512 4574 voluntate,
536 4517 635 4583 quam
659 4496 699 4562 de
722 4496 857 4574 ratione,
882 4496 969 4562 unde
998 4497 1053 4583 pia
1085 4497 1262 4564 elemosina
1287 4498 1382 4564 dimi-

331 4608 415 4667 nuta
438 4607 517 4680 crat,
540 4624 601 4689 ego
623 4623 682 4688 pro
704 4600 811 4667 salute
842 4601 962 4667 auimae
992 4624 1074 4668 mere
1105 4607 1140 4667 et
1164 4624 1319 4684 meorum,
1343 4611 1382 4670 ut

333 4725 455 4770 merces
493 4709 605 4769 restra
641 4705 771 4790 integra
811 4704 855 4768 sit
893 4705 982 4789 apud
1019 4703 1138 4783 Deum,
1172 4705 1383 4774 elemosinam

336 4804 430 4874 illem
453 4805 496 4870 ad
522 4805 749 4892 integritatem
780 4806 935 4884 revocari,
958 4811 993 4870 et
1015 4827 1127 4871 omnes
1154 4805 1228 4870 illas
1250 4827 1384 4874 consue·

1183 4911 1249 4973 13⁸2
