<?xml version="1.0" encoding="UTF-8"?>
<!DOCTYPE html PUBLIC "-//W3C//DTD XHTML 1.0 Transitional//EN"
    "http://www.w3.org/TR/xhtml1/DTD/xhtml1-transitional.dtd">
<html xmlns="http://www.w3.org/1999/xhtml" xml:lang="en" lang="en">
 <head>
  <title>
</title>
<meta http-equiv="Content-Type" content="text/html;charset=utf-8" />
  <meta name='ocr-system' content='tesseract 3.04.00' />
  <meta name='ocr-capabilities' content='ocr_page ocr_carea ocr_par ocr_line ocrx_word'/>
</head>
<body>
  <div class='ocr_page' id='page_1' title='image "./registrummalmes00martgoog_0182.png"; bbox 0 0 3578 5808; ppageno 0'>
   <div class='ocr_carea' id='block_1_1' title="bbox 432 877 1230 942">
    <p class='ocr_par' dir='ltr' id='par_1_1' title="bbox 432 877 1230 942">
     <span class='ocr_line' id='line_1_1' title="bbox 432 877 1230 942; baseline 0.001 -3"><span class='ocrx_word' id='word_1_1' title='bbox 432 877 474 940; x_wconf 87' lang='lat'><strong>88</strong></span> <span class='ocrx_word' id='word_1_2' title='bbox 684 888 883 942; x_wconf 81' lang='lat' dir='ltr'><strong>sssrsrsuu</strong></span> <span class='ocrx_word' id='word_1_3' title='bbox 907 888 1230 941; x_wconf 80' lang='lat' dir='ltr'><strong>usuusssusrsrss.</strong></span> 
     </span>
    </p>
   </div>
   <div class='ocr_carea' id='block_1_2' title="bbox 814 1169 1099 1237">
    <p class='ocr_par' dir='ltr' id='par_1_2' title="bbox 814 1169 1099 1237">
     <span class='ocr_line' id='line_1_2' title="bbox 814 1169 1099 1237; baseline -0.007 -1"><span class='ocrx_word' id='word_1_4' title='bbox 814 1169 892 1236; x_wconf 74' lang='lat' dir='ltr'><strong>Osa</strong></span> <span class='ocrx_word' id='word_1_5' title='bbox 917 1169 1099 1237; x_wconf 79' lang='lat' dir='ltr'>CCXXIX.</span> 
     </span>
    </p>
   </div>
   <div class='ocr_carea' id='block_1_3' title="bbox 435 1333 1484 1526">
    <p class='ocr_par' dir='ltr' id='par_1_3' title="bbox 435 1333 1484 1526">
     <span class='ocr_line' id='line_1_3' title="bbox 435 1333 1484 1423; baseline -0.005 -19"><span class='ocrx_word' id='word_1_6' title='bbox 435 1337 539 1405; x_wconf 69' lang='lat' dir='ltr'><strong>Carta</strong></span> <span class='ocrx_word' id='word_1_7' title='bbox 570 1334 707 1406; x_wconf 78' lang='lat' dir='ltr'><strong>domici</strong></span> <span class='ocrx_word' id='word_1_8' title='bbox 741 1335 897 1423; x_wconf 62' lang='lat' dir='ltr'><strong>aelfridi·</strong></span> <span class='ocrx_word' id='word_1_9' title='bbox 929 1337 968 1403; x_wconf 81' lang='lat' dir='ltr'><strong>dc</strong></span> <span class='ocrx_word' id='word_1_10' title='bbox 997 1334 1198 1404; x_wconf 79' lang='lat' dir='ltr'><strong>Wrolrestatc</strong></span> <span class='ocrx_word' id='word_1_11' title='bbox 1230 1333 1270 1402; x_wconf 86' lang='lat' dir='ltr'><strong>dc</strong></span> <span class='ocrx_word' id='word_1_12' title='bbox 1295 1333 1393 1422; x_wconf 86' lang='lat' dir='ltr'><strong>feodo</strong></span> <span class='ocrx_word' id='word_1_13' title='bbox 1423 1354 1484 1400; x_wconf 82' lang='lat' dir='ltr'><strong>sao</strong></span> 
     </span>
     <span class='ocr_line' id='line_1_4' title="bbox 727 1438 1185 1526; baseline 0 -22"><span class='ocrx_word' id='word_1_14' title='bbox 727 1439 771 1505; x_wconf 79' lang='lat' dir='ltr'><strong>ira</strong></span> <span class='ocrx_word' id='word_1_15' title='bbox 788 1439 955 1526; x_wconf 79' lang='lat' dir='ltr'><strong>parochio</strong></span> <span class='ocrx_word' id='word_1_16' title='bbox 978 1438 1017 1505; x_wconf 84' lang='lat' dir='ltr'><strong>dc</strong></span> <span class='ocrx_word' id='word_1_17' title='bbox 1041 1439 1185 1505; x_wconf 74' lang='lat' dir='ltr'><strong>Ceterae.</strong></span> 
     </span>
    </p>
   </div>
   <div class='ocr_carea' id='block_1_4' title="bbox 264 1601 1485 1797">
    <p class='ocr_par' dir='ltr' id='par_1_4' title="bbox 264 1601 1485 1797">
     <span class='ocr_line' id='line_1_5' title="bbox 267 1601 1484 1693; baseline -0.008 -16"><span class='ocrx_word' id='word_1_18' title='bbox 267 1613 390 1665; x_wconf 72' lang='lat' dir='ltr'><strong>Gnaeos</strong></span> <span class='ocrx_word' id='word_1_19' title='bbox 478 1606 594 1673; x_wconf 86' lang='lat' dir='ltr'><strong>Sciant</strong></span> <span class='ocrx_word' id='word_1_20' title='bbox 615 1609 791 1693; x_wconf 72' lang='lat' dir='ltr'>praesentes</span> <span class='ocrx_word' id='word_1_21' title='bbox 815 1610 849 1672; x_wconf 86' lang='lat' dir='ltr'><strong>et</strong></span> <span class='ocrx_word' id='word_1_22' title='bbox 870 1604 975 1671; x_wconf 82' lang='lat' dir='ltr'><strong>futuri</strong></span> <span class='ocrx_word' id='word_1_23' title='bbox 998 1605 1085 1690; x_wconf 91' lang='lat' dir='ltr'><strong>quod</strong></span> <span class='ocrx_word' id='word_1_24' title='bbox 1112 1626 1172 1692; x_wconf 83' lang='lat' dir='ltr'><strong>ego</strong></span> <span class='ocrx_word' id='word_1_25' title='bbox 1196 1603 1374 1682; x_wconf 77' lang='lat' dir='ltr'><strong>Gadfridus,</strong></span> <span class='ocrx_word' id='word_1_26' title='bbox 1397 1601 1484 1668; x_wconf 88' lang='lat' dir='ltr'><strong>filius</strong></span> 
     </span>
     <span class='ocr_line' id='line_1_6' title="bbox 264 1680 1485 1797; baseline -0.006 -20"><span class='ocrx_word' id='word_1_27' title='bbox 264 1680 558 1797; x_wconf 49' lang='lat' dir='ltr'><strong>{Quonim</strong></span> <span class='ocrx_word' id='word_1_28' title='bbox 597 1709 767 1776; x_wconf 70' lang='lat' dir='ltr'><strong>cassem</strong></span> <span class='ocrx_word' id='word_1_29' title='bbox 806 1707 846 1772; x_wconf 73' lang='lat' dir='ltr'><strong>aa</strong></span> <span class='ocrx_word' id='word_1_30' title='bbox 879 1707 1075 1772; x_wconf 71' lang='lat' dir='ltr'><strong>wroexsse</strong></span> <span class='ocrx_word' id='word_1_31' title='bbox 1114 1705 1239 1784; x_wconf 66' lang='lat' dir='ltr'><strong>misse,</strong></span> <span class='ocrx_word' id='word_1_32' title='bbox 1271 1705 1414 1773; x_wconf 66' lang='lat' dir='ltr'><strong>anasse</strong></span> <span class='ocrx_word' id='word_1_33' title='bbox 1451 1711 1485 1770; x_wconf 77' lang='lat' dir='ltr'><strong>a</strong></span> 
     </span>
    </p>
   </div>
   <div class='ocr_carea' id='block_1_5' title="bbox 264 1813 331 1863">
    <p class='ocr_par' dir='ltr' id='par_1_5' title="bbox 264 1813 331 1863">
     <span class='ocr_line' id='line_1_7' title="bbox 264 1813 331 1863; baseline 0.015 -1"><span class='ocrx_word' id='word_1_34' title='bbox 264 1813 331 1863; x_wconf 85' lang='lat' dir='ltr'><strong>hale.</strong></span> 
     </span>
    </p>
   </div>
   <div class='ocr_carea' id='block_1_6' title="bbox 432 1808 1486 2204">
    <p class='ocr_par' dir='ltr' id='par_1_6' title="bbox 432 1808 1486 2204">
     <span class='ocr_line' id='line_1_8' title="bbox 433 1808 1484 1898; baseline -0.006 -21"><span class='ocrx_word' id='word_1_35' title='bbox 433 1811 625 1878; x_wconf 90' lang='lat' dir='ltr'><strong>confirmavi</strong></span> <span class='ocrx_word' id='word_1_36' title='bbox 657 1833 716 1898; x_wconf 92' lang='lat' dir='ltr'><strong>pro</strong></span> <span class='ocrx_word' id='word_1_37' title='bbox 750 1831 803 1876; x_wconf 91' lang='lat' dir='ltr'><strong>me</strong></span> <span class='ocrx_word' id='word_1_38' title='bbox 837 1813 871 1873; x_wconf 89' lang='lat' dir='ltr'><strong>et</strong></span> <span class='ocrx_word' id='word_1_39' title='bbox 902 1808 1078 1875; x_wconf 83' lang='lat' dir='ltr'>heredibus</span> <span class='ocrx_word' id='word_1_40' title='bbox 1117 1816 1151 1874; x_wconf 87' lang='lat' dir='ltr'><strong>et</strong></span> <span class='ocrx_word' id='word_1_41' title='bbox 1182 1808 1357 1895; x_wconf 83' lang='lat' dir='ltr'><strong>assignatis</strong></span> <span class='ocrx_word' id='word_1_42' title='bbox 1395 1808 1484 1884; x_wconf 88' lang='lat' dir='ltr'><strong>meis,</strong></span> 
     </span>
     <span class='ocr_line' id='line_1_9' title="bbox 433 1909 1485 1996; baseline -0.003 -18"><span class='ocrx_word' id='word_1_43' title='bbox 433 1913 566 1979; x_wconf 90' lang='lat' dir='ltr'><strong>domino</strong></span> <span class='ocrx_word' id='word_1_44' title='bbox 589 1912 755 1978; x_wconf 89' lang='lat' dir='ltr'><strong>Willelmo</strong></span> <span class='ocrx_word' id='word_1_45' title='bbox 787 1911 898 1978; x_wconf 87' lang='lat' dir='ltr'><strong>abbati</strong></span> <span class='ocrx_word' id='word_1_46' title='bbox 933 1910 1174 1977; x_wconf 87' lang='lat' dir='ltr'><strong>Malmesburiae</strong></span> <span class='ocrx_word' id='word_1_47' title='bbox 1197 1915 1232 1977; x_wconf 86' lang='lat' dir='ltr'><strong>et</strong></span> <span class='ocrx_word' id='word_1_48' title='bbox 1254 1910 1400 1996; x_wconf 87' lang='lat' dir='ltr'><strong>ejusdem</strong></span> <span class='ocrx_word' id='word_1_49' title='bbox 1422 1909 1485 1975; x_wconf 92' lang='lat' dir='ltr'><strong>loci</strong></span> 
     </span>
     <span class='ocr_line' id='line_1_10' title="bbox 433 2011 1485 2094; baseline -0.007 -12"><span class='ocrx_word' id='word_1_50' title='bbox 433 2015 621 2094; x_wconf 77' lang='lat' dir='ltr'><strong>conventui,</strong></span> <span class='ocrx_word' id='word_1_51' title='bbox 652 2035 764 2082; x_wconf 89' lang='lat' dir='ltr'><strong>omnes</strong></span> <span class='ocrx_word' id='word_1_52' title='bbox 798 2019 902 2080; x_wconf 85' lang='lat' dir='ltr'><strong>terras</strong></span> <span class='ocrx_word' id='word_1_53' title='bbox 934 2020 969 2078; x_wconf 87' lang='lat' dir='ltr'><strong>et</strong></span> <span class='ocrx_word' id='word_1_54' title='bbox 1003 2018 1192 2080; x_wconf 80' lang='lat' dir='ltr'><strong>tenemento</strong></span> <span class='ocrx_word' id='word_1_55' title='bbox 1226 2035 1301 2080; x_wconf 91' lang='lat' dir='ltr'><strong>cum</strong></span> <span class='ocrx_word' id='word_1_56' title='bbox 1333 2011 1485 2078; x_wconf 92' lang='lat' dir='ltr'><strong>omnibus</strong></span> 
     </span>
     <span class='ocr_line' id='line_1_11' title="bbox 432 2112 1486 2204; baseline -0.006 -20"><span class='ocrx_word' id='word_1_57' title='bbox 432 2117 640 2204; x_wconf 87' lang='lat' dir='ltr'><strong>pertinentiis</strong></span> <span class='ocrx_word' id='word_1_58' title='bbox 663 2117 740 2194; x_wconf 88' lang='lat' dir='ltr'><strong>suis,</strong></span> <span class='ocrx_word' id='word_1_59' title='bbox 764 2136 838 2200; x_wconf 89' lang='lat' dir='ltr'><strong>quse</strong></span> <span class='ocrx_word' id='word_1_60' title='bbox 860 2115 985 2182; x_wconf 88' lang='lat' dir='ltr'><strong>habent</strong></span> <span class='ocrx_word' id='word_1_61' title='bbox 1007 2116 1049 2180; x_wconf 87' lang='lat' dir='ltr'><strong>de</strong></span> <span class='ocrx_word' id='word_1_62' title='bbox 1071 2114 1165 2180; x_wconf 87' lang='lat' dir='ltr'><strong>feodo</strong></span> <span class='ocrx_word' id='word_1_63' title='bbox 1188 2135 1259 2180; x_wconf 91' lang='lat' dir='ltr'><strong>meo</strong></span> <span class='ocrx_word' id='word_1_64' title='bbox 1277 2115 1313 2178; x_wconf 92' lang='lat' dir='ltr'><strong>in</strong></span> <span class='ocrx_word' id='word_1_65' title='bbox 1331 2112 1486 2199; x_wconf 86' lang='lat' dir='ltr'><strong>parochia</strong></span> 
     </span>
    </p>
   </div>
   <div class='ocr_carea' id='block_1_7' title="bbox 339 2216 1486 2302">
    <p class='ocr_par' dir='ltr' id='par_1_7' title="bbox 339 2216 1486 2302">
     <span class='ocr_line' id='line_1_12' title="bbox 339 2216 1486 2302; baseline -0.005 -16"><span class='ocrx_word' id='word_1_66' title='bbox 339 2269 340 2272; x_wconf 63' lang='lat'><strong>,</strong></span> <span class='ocrx_word' id='word_1_67' title='bbox 432 2220 474 2286; x_wconf 87' lang='lat' dir='ltr'><strong>ds</strong></span> <span class='ocrx_word' id='word_1_68' title='bbox 498 2219 654 2286; x_wconf 83' lang='lat' dir='ltr'><strong>Ooleme:</strong></span> <span class='ocrx_word' id='word_1_69' title='bbox 694 2218 846 2284; x_wconf 88' lang='lat' dir='ltr'><strong>habenda</strong></span> <span class='ocrx_word' id='word_1_70' title='bbox 879 2222 913 2284; x_wconf 85' lang='lat' dir='ltr'><strong>et</strong></span> <span class='ocrx_word' id='word_1_71' title='bbox 946 2217 1090 2284; x_wconf 86' lang='lat' dir='ltr'><strong>tenenda</strong></span> <span class='ocrx_word' id='word_1_72' title='bbox 1112 2216 1286 2302; x_wconf 82' lang='lat' dir='ltr'><strong>praedictas</strong></span> <span class='ocrx_word' id='word_1_73' title='bbox 1319 2221 1423 2280; x_wconf 83' lang='lat' dir='ltr'><strong>terras</strong></span> <span class='ocrx_word' id='word_1_74' title='bbox 1452 2219 1486 2280; x_wconf 90' lang='lat' dir='ltr'><strong>et</strong></span> 
     </span>
    </p>
   </div>
   <div class='ocr_carea' id='block_1_8' title="bbox 433 2317 1496 4845">
    <p class='ocr_par' dir='ltr' id='par_1_8' title="bbox 433 2317 1496 4845">
     <span class='ocr_line' id='line_1_13' title="bbox 433 2317 1486 2409; baseline -0.004 -23"><span class='ocrx_word' id='word_1_75' title='bbox 433 2321 592 2409; x_wconf 69' lang='lat' dir='ltr'><strong>praedicta</strong></span> <span class='ocrx_word' id='word_1_76' title='bbox 625 2325 815 2386; x_wconf 82' lang='lat' dir='ltr'><strong>tenemento</strong></span> <span class='ocrx_word' id='word_1_77' title='bbox 847 2320 887 2386; x_wconf 93' lang='lat' dir='ltr'><strong>de</strong></span> <span class='ocrx_word' id='word_1_78' title='bbox 920 2342 971 2384; x_wconf 88' lang='lat' dir='ltr'><strong>me</strong></span> <span class='ocrx_word' id='word_1_79' title='bbox 1010 2325 1044 2384; x_wconf 87' lang='lat' dir='ltr'><strong>et</strong></span> <span class='ocrx_word' id='word_1_80' title='bbox 1081 2317 1255 2384; x_wconf 80' lang='lat' dir='ltr'><strong>heredibus</strong></span> <span class='ocrx_word' id='word_1_81' title='bbox 1292 2318 1374 2382; x_wconf 89' lang='lat' dir='ltr'><strong>meis</strong></span> <span class='ocrx_word' id='word_1_82' title='bbox 1412 2338 1486 2382; x_wconf 91' lang='lat' dir='ltr'><strong>cum</strong></span> 
     </span>
     <span class='ocr_line' id='line_1_14' title="bbox 433 2417 1488 2506; baseline -0.005 -17"><span class='ocrx_word' id='word_1_83' title='bbox 433 2423 576 2500; x_wconf 90' lang='lat' dir='ltr'><strong>dotibus,</strong></span> <span class='ocrx_word' id='word_1_84' title='bbox 597 2421 758 2502; x_wconf 86' lang='lat' dir='ltr'>domibus,</span> <span class='ocrx_word' id='word_1_85' title='bbox 774 2421 977 2506; x_wconf 84' lang='lat' dir='ltr'><strong>curtillagiis,</strong></span> <span class='ocrx_word' id='word_1_86' title='bbox 1001 2419 1121 2497; x_wconf 83' lang='lat' dir='ltr'><strong>croftis,</strong></span> <span class='ocrx_word' id='word_1_87' title='bbox 1144 2419 1256 2504; x_wconf 88' lang='lat' dir='ltr'><strong>pratis,</strong></span> <span class='ocrx_word' id='word_1_88' title='bbox 1279 2417 1431 2505; x_wconf 88' lang='lat' dir='ltr'><strong>paschuis</strong></span> <span class='ocrx_word' id='word_1_89' title='bbox 1453 2426 1488 2484; x_wconf 89' lang='lat' dir='ltr'><strong>et</strong></span> 
     </span>
     <span class='ocr_line' id='line_1_15' title="bbox 433 2520 1487 2611; baseline -0.006 -19"><span class='ocrx_word' id='word_1_90' title='bbox 433 2525 586 2611; x_wconf 77' lang='lat' dir='ltr'>pasturis,</span> <span class='ocrx_word' id='word_1_91' title='bbox 610 2524 739 2602; x_wconf 87' lang='lat' dir='ltr'><strong>wardis,</strong></span> <span class='ocrx_word' id='word_1_92' title='bbox 763 2523 905 2601; x_wconf 74' lang='lat' dir='ltr'><strong>releviis</strong></span> <span class='ocrx_word' id='word_1_93' title='bbox 934 2522 1107 2608; x_wconf 79' lang='lat' dir='ltr'><strong>homagiis,</strong></span> <span class='ocrx_word' id='word_1_94' title='bbox 1137 2521 1281 2599; x_wconf 80' lang='lat' dir='ltr'><strong>heristis,</strong></span> <span class='ocrx_word' id='word_1_95' title='bbox 1319 2520 1487 2598; x_wconf 88' lang='lat' dir='ltr'><strong>eschaetis,</strong></span> 
     </span>
     <span class='ocr_line' id='line_1_16' title="bbox 435 2621 1488 2704; baseline -0.004 -12"><span class='ocrx_word' id='word_1_96' title='bbox 435 2627 632 2704; x_wconf 84' lang='lat' dir='ltr'><strong>tenentibus,</strong></span> <span class='ocrx_word' id='word_1_97' title='bbox 656 2625 849 2704; x_wconf 79' lang='lat' dir='ltr'><strong>redditibus,</strong></span> <span class='ocrx_word' id='word_1_98' title='bbox 873 2625 1029 2702; x_wconf 87' lang='lat' dir='ltr'><strong>serviciis,</strong></span> <span class='ocrx_word' id='word_1_99' title='bbox 1053 2630 1088 2690; x_wconf 89' lang='lat' dir='ltr'><strong>et</strong></span> <span class='ocrx_word' id='word_1_100' title='bbox 1119 2645 1194 2692; x_wconf 89' lang='lat' dir='ltr'><strong>cum</strong></span> <span class='ocrx_word' id='word_1_101' title='bbox 1227 2622 1379 2690; x_wconf 90' lang='lat' dir='ltr'><strong>omnibus</strong></span> <span class='ocrx_word' id='word_1_102' title='bbox 1414 2621 1488 2690; x_wconf 87' lang='lat' dir='ltr'><strong>aliis</strong></span> 
     </span>
     <span class='ocr_line' id='line_1_17' title="bbox 434 2726 1487 2812; baseline -0.001 -20"><span class='ocrx_word' id='word_1_103' title='bbox 434 2729 540 2808; x_wconf 85' lang='lat' dir='ltr'><strong>rebus,</strong></span> <span class='ocrx_word' id='word_1_104' title='bbox 563 2728 774 2794; x_wconf 71' lang='lat' dir='ltr'><strong>libertatibus</strong></span> <span class='ocrx_word' id='word_1_105' title='bbox 809 2733 844 2794; x_wconf 86' lang='lat' dir='ltr'><strong>et</strong></span> <span class='ocrx_word' id='word_1_106' title='bbox 874 2728 986 2794; x_wconf 87' lang='lat' dir='ltr'><strong>liberis</strong></span> <span class='ocrx_word' id='word_1_107' title='bbox 1021 2727 1313 2794; x_wconf 88' lang='lat' dir='ltr'><strong>consuetudinibus</strong></span> <span class='ocrx_word' id='word_1_108' title='bbox 1339 2726 1383 2792; x_wconf 87' lang='lat' dir='ltr'><strong>ad</strong></span> <span class='ocrx_word' id='word_1_109' title='bbox 1405 2747 1487 2812; x_wconf 82' lang='lat' dir='ltr'><strong>prae·</strong></span> 
     </span>
     <span class='ocr_line' id='line_1_18' title="bbox 435 2831 1489 2918; baseline -0.002 -20"><span class='ocrx_word' id='word_1_110' title='bbox 435 2832 560 2898; x_wconf 90' lang='lat' dir='ltr'><strong>dictum</strong></span> <span class='ocrx_word' id='word_1_111' title='bbox 594 2837 821 2898; x_wconf 87' lang='lat' dir='ltr'><strong>tenementum</strong></span> <span class='ocrx_word' id='word_1_112' title='bbox 853 2831 964 2917; x_wconf 87' lang='lat' dir='ltr'><strong>aliquo</strong></span> <span class='ocrx_word' id='word_1_113' title='bbox 996 2831 1093 2897; x_wconf 90' lang='lat' dir='ltr'><strong>modo</strong></span> <span class='ocrx_word' id='word_1_114' title='bbox 1127 2831 1379 2918; x_wconf 84' lang='lat' dir='ltr'><strong>pertinentibus,</strong></span> <span class='ocrx_word' id='word_1_115' title='bbox 1406 2851 1489 2916; x_wconf 81' lang='lat' dir='ltr'><strong>prae-</strong></span> 
     </span>
     <span class='ocr_line' id='line_1_19' title="bbox 436 2932 1489 3010; baseline -0.003 -10"><span class='ocrx_word' id='word_1_116' title='bbox 436 2935 533 3004; x_wconf 89' lang='lat' dir='ltr'><strong>dictis</strong></span> <span class='ocrx_word' id='word_1_117' title='bbox 556 2934 671 3002; x_wconf 87' lang='lat' dir='ltr'><strong>abbati</strong></span> <span class='ocrx_word' id='word_1_118' title='bbox 696 2939 731 3000; x_wconf 90' lang='lat' dir='ltr'><strong>et</strong></span> <span class='ocrx_word' id='word_1_119' title='bbox 753 2935 930 3002; x_wconf 88' lang='lat' dir='ltr'><strong>conventui</strong></span> <span class='ocrx_word' id='word_1_120' title='bbox 958 2939 992 3000; x_wconf 87' lang='lat' dir='ltr'><strong>et</strong></span> <span class='ocrx_word' id='word_1_121' title='bbox 1023 2955 1135 3000; x_wconf 89' lang='lat' dir='ltr'><strong>eorum</strong></span> <span class='ocrx_word' id='word_1_122' title='bbox 1166 2934 1413 3010; x_wconf 87' lang='lat' dir='ltr'><strong>suecessoribus,</strong></span> <span class='ocrx_word' id='word_1_123' title='bbox 1434 2932 1489 2998; x_wconf 87' lang='lat' dir='ltr'><strong>vel</strong></span> 
     </span>
     <span class='ocr_line' id='line_1_20' title="bbox 436 3036 1490 3123; baseline -0.005 -18"><span class='ocrx_word' id='word_1_124' title='bbox 436 3037 489 3105; x_wconf 89' lang='lat' dir='ltr'><strong>cui</strong></span> <span class='ocrx_word' id='word_1_125' title='bbox 522 3036 696 3123; x_wconf 78' lang='lat' dir='ltr'><strong>praedictas</strong></span> <span class='ocrx_word' id='word_1_126' title='bbox 730 3041 834 3102; x_wconf 86' lang='lat' dir='ltr'><strong>terras</strong></span> <span class='ocrx_word' id='word_1_127' title='bbox 866 3042 901 3102; x_wconf 90' lang='lat' dir='ltr'><strong>et</strong></span> <span class='ocrx_word' id='word_1_128' title='bbox 932 3037 1091 3122; x_wconf 72' lang='lat' dir='ltr'><strong>praedicte</strong></span> <span class='ocrx_word' id='word_1_129' title='bbox 1122 3041 1320 3114; x_wconf 82' lang='lat' dir='ltr'><strong>tenemento,</strong></span> <span class='ocrx_word' id='word_1_130' title='bbox 1350 3037 1386 3100; x_wconf 92' lang='lat' dir='ltr'><strong>in</strong></span> <span class='ocrx_word' id='word_1_131' title='bbox 1418 3040 1490 3100; x_wconf 92' lang='lat' dir='ltr'><strong>toto</strong></span> 
     </span>
     <span class='ocr_line' id='line_1_21' title="bbox 437 3137 1490 3227; baseline 0 -23"><span class='ocrx_word' id='word_1_132' title='bbox 437 3139 491 3206; x_wconf 89' lang='lat' dir='ltr'><strong>vel</strong></span> <span class='ocrx_word' id='word_1_133' title='bbox 513 3138 550 3204; x_wconf 91' lang='lat' dir='ltr'><strong>in</strong></span> <span class='ocrx_word' id='word_1_134' title='bbox 573 3143 676 3225; x_wconf 87' lang='lat' dir='ltr'><strong>parte,</strong></span> <span class='ocrx_word' id='word_1_135' title='bbox 699 3161 775 3206; x_wconf 89' lang='lat' dir='ltr'><strong>cum</strong></span> <span class='ocrx_word' id='word_1_136' title='bbox 799 3138 951 3204; x_wconf 88' lang='lat' dir='ltr'><strong>omnibus</strong></span> <span class='ocrx_word' id='word_1_137' title='bbox 975 3137 1184 3225; x_wconf 87' lang='lat' dir='ltr'><strong>pertinentiis</strong></span> <span class='ocrx_word' id='word_1_138' title='bbox 1217 3138 1296 3216; x_wconf 91' lang='lat' dir='ltr'><strong>suis,</strong></span> <span class='ocrx_word' id='word_1_139' title='bbox 1318 3143 1352 3204; x_wconf 85' lang='lat' dir='ltr'><strong>et</strong></span> <span class='ocrx_word' id='word_1_140' title='bbox 1385 3138 1490 3227; x_wconf 89' lang='lat' dir='ltr'><strong>omni·</strong></span> 
     </span>
     <span class='ocr_line' id='line_1_22' title="bbox 438 3239 1491 3326; baseline -0.002 -20"><span class='ocrx_word' id='word_1_141' title='bbox 438 3241 501 3306; x_wconf 89' lang='lat' dir='ltr'><strong>bus</strong></span> <span class='ocrx_word' id='word_1_142' title='bbox 531 3240 629 3308; x_wconf 90' lang='lat' dir='ltr'><strong>rebus</strong></span> <span class='ocrx_word' id='word_1_143' title='bbox 663 3239 919 3326; x_wconf 86' lang='lat' dir='ltr'><strong>praenominatis,</strong></span> <span class='ocrx_word' id='word_1_144' title='bbox 944 3244 978 3305; x_wconf 92' lang='lat' dir='ltr'><strong>et</strong></span> <span class='ocrx_word' id='word_1_145' title='bbox 1007 3239 1096 3306; x_wconf 88' lang='lat' dir='ltr'><strong>idam</strong></span> <span class='ocrx_word' id='word_1_146' title='bbox 1118 3239 1220 3306; x_wconf 85' lang='lat' dir='ltr'><strong>abbas</strong></span> <span class='ocrx_word' id='word_1_147' title='bbox 1242 3245 1277 3304; x_wconf 91' lang='lat' dir='ltr'><strong>et</strong></span> <span class='ocrx_word' id='word_1_148' title='bbox 1299 3244 1491 3317; x_wconf 87' lang='lat' dir='ltr'><strong>conventus,</strong></span> 
     </span>
     <span class='ocr_line' id='line_1_23' title="bbox 439 3341 1492 3428; baseline -0.002 -20"><span class='ocrx_word' id='word_1_149' title='bbox 439 3342 527 3422; x_wconf 86' lang='lat' dir='ltr'><strong>dare,</strong></span> <span class='ocrx_word' id='word_1_150' title='bbox 550 3341 692 3410; x_wconf 83' lang='lat' dir='ltr'><strong>vendere</strong></span> <span class='ocrx_word' id='word_1_151' title='bbox 714 3342 768 3408; x_wconf 87' lang='lat' dir='ltr'><strong>vel</strong></span> <span class='ocrx_word' id='word_1_152' title='bbox 795 3342 960 3428; x_wconf 83' lang='lat' dir='ltr'><strong>assignare</strong></span> <span class='ocrx_word' id='word_1_153' title='bbox 983 3341 1158 3422; x_wconf 88' lang='lat' dir='ltr'><strong>voluerint,</strong></span> <span class='ocrx_word' id='word_1_154' title='bbox 1182 3342 1295 3428; x_wconf 90' lang='lat' dir='ltr'><strong>quieta</strong></span> <span class='ocrx_word' id='word_1_155' title='bbox 1317 3346 1352 3408; x_wconf 90' lang='lat' dir='ltr'><strong>et</strong></span> <span class='ocrx_word' id='word_1_156' title='bbox 1374 3342 1492 3420; x_wconf 85' lang='lat' dir='ltr'><strong>soluta,</strong></span> 
     </span>
     <span class='ocr_line' id='line_1_24' title="bbox 439 3443 1491 3528; baseline -0.003 -18"><span class='ocrx_word' id='word_1_157' title='bbox 439 3444 510 3510; x_wconf 90' lang='lat' dir='ltr'><strong>sine</strong></span> <span class='ocrx_word' id='word_1_158' title='bbox 544 3443 657 3528; x_wconf 86' lang='lat' dir='ltr'><strong>aliqua</strong></span> <span class='ocrx_word' id='word_1_159' title='bbox 689 3443 928 3522; x_wconf 73' lang='lat' dir='ltr'><strong>reclamatione,</strong></span> <span class='ocrx_word' id='word_1_160' title='bbox 955 3448 1015 3510; x_wconf 88' lang='lat' dir='ltr'><strong>aut</strong></span> <span class='ocrx_word' id='word_1_161' title='bbox 1049 3444 1306 3512; x_wconf 78' lang='lat' dir='ltr'><strong>contradictione</strong></span> <span class='ocrx_word' id='word_1_162' title='bbox 1340 3444 1406 3510; x_wconf 91' lang='lat' dir='ltr'><strong>mei</strong></span> <span class='ocrx_word' id='word_1_163' title='bbox 1436 3443 1491 3509; x_wconf 87' lang='lat' dir='ltr'><strong>vel</strong></span> 
     </span>
     <span class='ocr_line' id='line_1_25' title="bbox 438 3544 1492 3632; baseline -0.002 -20"><span class='ocrx_word' id='word_1_164' title='bbox 438 3545 596 3612; x_wconf 87' lang='lat' dir='ltr'><strong>heredum</strong></span> <span class='ocrx_word' id='word_1_165' title='bbox 619 3545 673 3610; x_wconf 89' lang='lat' dir='ltr'><strong>vel</strong></span> <span class='ocrx_word' id='word_1_166' title='bbox 695 3544 936 3632; x_wconf 78' lang='lat' dir='ltr'><strong>assignatorum</strong></span> <span class='ocrx_word' id='word_1_167' title='bbox 966 3567 1113 3612; x_wconf 89' lang='lat' dir='ltr'><strong>meorum</strong></span> <span class='ocrx_word' id='word_1_168' title='bbox 1140 3546 1391 3632; x_wconf 88' lang='lat' dir='ltr'><strong>imperpetuum.</strong></span> <span class='ocrx_word' id='word_1_169' title='bbox 1437 3544 1492 3610; x_wconf 89' lang='lat' dir='ltr'><strong>Ita</strong></span> 
     </span>
     <span class='ocr_line' id='line_1_26' title="bbox 439 3647 1491 3735; baseline -0.001 -22"><span class='ocrx_word' id='word_1_170' title='bbox 439 3647 528 3734; x_wconf 90' lang='lat' dir='ltr'><strong>quod</strong></span> <span class='ocrx_word' id='word_1_171' title='bbox 561 3667 622 3714; x_wconf 88' lang='lat' dir='ltr'><strong>nec</strong></span> <span class='ocrx_word' id='word_1_172' title='bbox 655 3668 724 3734; x_wconf 84' lang='lat' dir='ltr'><strong>ego,</strong></span> <span class='ocrx_word' id='word_1_173' title='bbox 746 3668 807 3714; x_wconf 87' lang='lat' dir='ltr'><strong>nec</strong></span> <span class='ocrx_word' id='word_1_174' title='bbox 839 3647 960 3733; x_wconf 89' lang='lat' dir='ltr'><strong>aliquis</strong></span> <span class='ocrx_word' id='word_1_175' title='bbox 991 3647 1148 3714; x_wconf 86' lang='lat' dir='ltr'><strong>heredum</strong></span> <span class='ocrx_word' id='word_1_176' title='bbox 1175 3647 1229 3714; x_wconf 87' lang='lat' dir='ltr'><strong>vel</strong></span> <span class='ocrx_word' id='word_1_177' title='bbox 1251 3648 1491 3735; x_wconf 78' lang='lat' dir='ltr'><strong>assignatorum</strong></span> 
     </span>
     <span class='ocr_line' id='line_1_27' title="bbox 439 3748 1492 3837; baseline -0.002 -21"><span class='ocrx_word' id='word_1_178' title='bbox 439 3771 597 3829; x_wconf 85' lang='lat' dir='ltr'><strong>meorum,</strong></span> <span class='ocrx_word' id='word_1_179' title='bbox 620 3748 748 3836; x_wconf 87' lang='lat' dir='ltr'><strong>aliquid</strong></span> <span class='ocrx_word' id='word_1_180' title='bbox 775 3749 870 3836; x_wconf 89' lang='lat' dir='ltr'><strong>juris,</strong></span> <span class='ocrx_word' id='word_1_181' title='bbox 893 3750 946 3815; x_wconf 91' lang='lat' dir='ltr'><strong>vel</strong></span> <span class='ocrx_word' id='word_1_182' title='bbox 979 3751 1097 3830; x_wconf 88' lang='lat' dir='ltr'><strong>clamii‚</strong></span> <span class='ocrx_word' id='word_1_183' title='bbox 1131 3751 1168 3816; x_wconf 92' lang='lat' dir='ltr'><strong>in</strong></span> <span class='ocrx_word' id='word_1_184' title='bbox 1198 3750 1364 3837; x_wconf 88' lang='lat' dir='ltr'><strong>praedictis</strong></span> <span class='ocrx_word' id='word_1_185' title='bbox 1395 3751 1492 3815; x_wconf 88' lang='lat' dir='ltr'><strong>terris</strong></span> 
     </span>
     <span class='ocr_line' id='line_1_28' title="bbox 440 3852 1493 3940; baseline -0.001 -22"><span class='ocrx_word' id='word_1_186' title='bbox 440 3858 475 3918; x_wconf 88' lang='lat' dir='ltr'><strong>et</strong></span> <span class='ocrx_word' id='word_1_187' title='bbox 507 3852 714 3930; x_wconf 81' lang='lat' dir='ltr'><strong>tenementis,</strong></span> <span class='ocrx_word' id='word_1_188' title='bbox 737 3857 796 3918; x_wconf 91' lang='lat' dir='ltr'><strong>aut</strong></span> <span class='ocrx_word' id='word_1_189' title='bbox 829 3873 942 3918; x_wconf 91' lang='lat' dir='ltr'><strong>eorum</strong></span> <span class='ocrx_word' id='word_1_190' title='bbox 972 3852 1191 3939; x_wconf 86' lang='lat' dir='ltr'><strong>pertinentiis,</strong></span> <span class='ocrx_word' id='word_1_191' title='bbox 1213 3853 1375 3940; x_wconf 89' lang='lat' dir='ltr'><strong>possimus</strong></span> <span class='ocrx_word' id='word_1_192' title='bbox 1398 3852 1493 3918; x_wconf 87' lang='lat' dir='ltr'><strong>nobis</strong></span> 
     </span>
     <span class='ocr_line' id='line_1_29' title="bbox 439 3953 1493 4041; baseline 0 -21"><span class='ocrx_word' id='word_1_193' title='bbox 439 3955 623 4032; x_wconf 88' lang='lat' dir='ltr'><strong>vendicare,</strong></span> <span class='ocrx_word' id='word_1_194' title='bbox 645 3975 706 4020; x_wconf 90' lang='lat' dir='ltr'><strong>nec</strong></span> <span class='ocrx_word' id='word_1_195' title='bbox 737 3953 884 4039; x_wconf 86' lang='lat' dir='ltr'><strong>aliquam</strong></span> <span class='ocrx_word' id='word_1_196' title='bbox 908 3960 1030 4022; x_wconf 89' lang='lat' dir='ltr'><strong>sectam</strong></span> <span class='ocrx_word' id='word_1_197' title='bbox 1065 3976 1086 4022; x_wconf 87' lang='lat' dir='ltr'><strong>a</strong></span> <span class='ocrx_word' id='word_1_198' title='bbox 1120 3955 1288 4041; x_wconf 85' lang='lat' dir='ltr'><strong>praedictis</strong></span> <span class='ocrx_word' id='word_1_199' title='bbox 1315 3955 1435 4022; x_wconf 88' lang='lat' dir='ltr'><strong>abbate</strong></span> <span class='ocrx_word' id='word_1_200' title='bbox 1458 3959 1493 4020; x_wconf 87' lang='lat' dir='ltr'><strong>ct</strong></span> 
     </span>
     <span class='ocr_line' id='line_1_30' title="bbox 441 4055 1494 4141; baseline -0.002 -17"><span class='ocrx_word' id='word_1_201' title='bbox 441 4062 699 4136; x_wconf 70' lang='lat' dir='ltr'><strong>conventuum</strong></span> <span class='ocrx_word' id='word_1_202' title='bbox 732 4055 868 4141; x_wconf 87' lang='lat' dir='ltr'><strong>aliquod</strong></span> <span class='ocrx_word' id='word_1_203' title='bbox 901 4057 1076 4126; x_wconf 74' lang='lat' dir='ltr'><strong>servicium</strong></span> <span class='ocrx_word' id='word_1_204' title='bbox 1107 4057 1150 4124; x_wconf 89' lang='lat' dir='ltr'><strong>ab</strong></span> <span class='ocrx_word' id='word_1_205' title='bbox 1182 4058 1314 4136; x_wconf 88' lang='lat' dir='ltr'><strong>eisdem,</strong></span> <span class='ocrx_word' id='word_1_206' title='bbox 1336 4058 1391 4124; x_wconf 87' lang='lat' dir='ltr'><strong>vel</strong></span> <span class='ocrx_word' id='word_1_207' title='bbox 1421 4077 1494 4123; x_wconf 89' lang='lat' dir='ltr'><strong>suc·</strong></span> 
     </span>
     <span class='ocr_line' id='line_1_31' title="bbox 441 4159 1493 4247; baseline -0.003 -19"><span class='ocrx_word' id='word_1_208' title='bbox 441 4160 620 4228; x_wconf 77' lang='lat' dir='ltr'><strong>sessoribus</strong></span> <span class='ocrx_word' id='word_1_209' title='bbox 643 4181 764 4237; x_wconf 88' lang='lat' dir='ltr'><strong>eorum,</strong></span> <span class='ocrx_word' id='word_1_210' title='bbox 788 4160 858 4226; x_wconf 83' lang='lat' dir='ltr'><strong>sive</strong></span> <span class='ocrx_word' id='word_1_211' title='bbox 881 4181 902 4226; x_wconf 91' lang='lat' dir='ltr'><strong>a</strong></span> <span class='ocrx_word' id='word_1_212' title='bbox 923 4160 1123 4239; x_wconf 81' lang='lat' dir='ltr'><strong>tenentibus,</strong></span> <span class='ocrx_word' id='word_1_213' title='bbox 1140 4160 1181 4226; x_wconf 89' lang='lat' dir='ltr'><strong>de</strong></span> <span class='ocrx_word' id='word_1_214' title='bbox 1204 4161 1370 4247; x_wconf 87' lang='lat' dir='ltr'><strong>praedictis</strong></span> <span class='ocrx_word' id='word_1_215' title='bbox 1397 4159 1493 4226; x_wconf 81' lang='lat' dir='ltr'><strong>terris</strong></span> 
     </span>
     <span class='ocr_line' id='line_1_32' title="bbox 441 4261 1494 4350; baseline 0.001 -23"><span class='ocrx_word' id='word_1_216' title='bbox 441 4268 475 4327; x_wconf 88' lang='lat' dir='ltr'><strong>et</strong></span> <span class='ocrx_word' id='word_1_217' title='bbox 508 4261 705 4326; x_wconf 88' lang='lat' dir='ltr'><strong>tenementis</strong></span> <span class='ocrx_word' id='word_1_218' title='bbox 729 4263 974 4349; x_wconf 87' lang='lat' dir='ltr'><strong>imperpetuum</strong></span> <span class='ocrx_word' id='word_1_219' title='bbox 996 4263 1159 4348; x_wconf 88' lang='lat' dir='ltr'><strong>possimus</strong></span> <span class='ocrx_word' id='word_1_220' title='bbox 1182 4263 1321 4350; x_wconf 82' lang='lat' dir='ltr'><strong>exigere.</strong></span> <span class='ocrx_word' id='word_1_221' title='bbox 1367 4261 1494 4330; x_wconf 84' lang='lat' dir='ltr'><strong>Tenen·</strong></span> 
     </span>
     <span class='ocr_line' id='line_1_33' title="bbox 441 4363 1493 4449; baseline -0.001 -19"><span class='ocrx_word' id='word_1_222' title='bbox 441 4371 492 4430; x_wconf 91' lang='lat' dir='ltr'><strong>tes</strong></span> <span class='ocrx_word' id='word_1_223' title='bbox 525 4385 604 4430; x_wconf 86' lang='lat' dir='ltr'><strong>vero</strong></span> <span class='ocrx_word' id='word_1_224' title='bbox 635 4363 868 4449; x_wconf 86' lang='lat' dir='ltr'><strong>praedictorum</strong></span> <span class='ocrx_word' id='word_1_225' title='bbox 898 4366 1030 4433; x_wconf 87' lang='lat' dir='ltr'><strong>abbatis</strong></span> <span class='ocrx_word' id='word_1_226' title='bbox 1054 4371 1088 4432; x_wconf 85' lang='lat' dir='ltr'><strong>et</strong></span> <span class='ocrx_word' id='word_1_227' title='bbox 1110 4371 1291 4436; x_wconf 87' lang='lat' dir='ltr'><strong>conventus</strong></span> <span class='ocrx_word' id='word_1_228' title='bbox 1315 4365 1356 4430; x_wconf 90' lang='lat' dir='ltr'><strong>de</strong></span> <span class='ocrx_word' id='word_1_229' title='bbox 1380 4365 1493 4432; x_wconf 89' lang='lat' dir='ltr'><strong>eodem</strong></span> 
     </span>
     <span class='ocr_line' id='line_1_34' title="bbox 441 4467 1495 4547; baseline 0.005 -15"><span class='ocrx_word' id='word_1_230' title='bbox 441 4467 537 4533; x_wconf 85' lang='lat' dir='ltr'><strong>feodo</strong></span> <span class='ocrx_word' id='word_1_231' title='bbox 568 4472 691 4534; x_wconf 81' lang='lat' dir='ltr'><strong>sectam</strong></span> <span class='ocrx_word' id='word_1_232' title='bbox 725 4467 847 4534; x_wconf 86' lang='lat' dir='ltr'><strong>facient</strong></span> <span class='ocrx_word' id='word_1_233' title='bbox 880 4469 922 4534; x_wconf 87' lang='lat' dir='ltr'><strong>ad</strong></span> <span class='ocrx_word' id='word_1_234' title='bbox 949 4469 1035 4535; x_wconf 89' lang='lat' dir='ltr'><strong>duos</strong></span> <span class='ocrx_word' id='word_1_235' title='bbox 1058 4469 1216 4536; x_wconf 86' lang='lat' dir='ltr'><strong>terminos</strong></span> <span class='ocrx_word' id='word_1_236' title='bbox 1238 4475 1380 4547; x_wconf 90' lang='lat' dir='ltr'><strong>tautum,</strong></span> <span class='ocrx_word' id='word_1_237' title='bbox 1402 4468 1495 4537; x_wconf 85' lang='lat' dir='ltr'><strong>vide-</strong></span> 
     </span>
     <span class='ocr_line' id='line_1_35' title="bbox 441 4569 1496 4659; baseline 0.003 -24"><span class='ocrx_word' id='word_1_238' title='bbox 441 4571 520 4636; x_wconf 89' lang='lat' dir='ltr'><strong>licet</strong></span> <span class='ocrx_word' id='word_1_239' title='bbox 552 4570 595 4636; x_wconf 91' lang='lat' dir='ltr'><strong>ad</strong></span> <span class='ocrx_word' id='word_1_240' title='bbox 623 4569 816 4657; x_wconf 88' lang='lat' dir='ltr'><strong>Hookeday,</strong></span> <span class='ocrx_word' id='word_1_241' title='bbox 839 4578 873 4638; x_wconf 88' lang='lat' dir='ltr'><strong>et</strong></span> <span class='ocrx_word' id='word_1_242' title='bbox 911 4573 953 4639; x_wconf 85' lang='lat' dir='ltr'><strong>sd</strong></span> <span class='ocrx_word' id='word_1_243' title='bbox 986 4573 1109 4640; x_wconf 87' lang='lat' dir='ltr'><strong>festum</strong></span> <span class='ocrx_word' id='word_1_244' title='bbox 1133 4572 1248 4642; x_wconf 80' lang='lat' dir='ltr'><strong>Sancti</strong></span> <span class='ocrx_word' id='word_1_245' title='bbox 1271 4573 1429 4659; x_wconf 83' lang='lat' dir='ltr'><strong>Martyni,</strong></span> <span class='ocrx_word' id='word_1_246' title='bbox 1452 4571 1496 4638; x_wconf 87' lang='lat' dir='ltr'><strong>ad</strong></span> 
     </span>
     <span class='ocr_line' id='line_1_36' title="bbox 441 4673 1495 4758; baseline 0.003 -22"><span class='ocrx_word' id='word_1_247' title='bbox 441 4692 595 4758; x_wconf 81' lang='lat' dir='ltr'><strong>magnam</strong></span> <span class='ocrx_word' id='word_1_248' title='bbox 628 4693 756 4740; x_wconf 88' lang='lat' dir='ltr'><strong>crucem</strong></span> <span class='ocrx_word' id='word_1_249' title='bbox 788 4674 829 4739; x_wconf 89' lang='lat' dir='ltr'><strong>de</strong></span> <span class='ocrx_word' id='word_1_250' title='bbox 862 4673 1008 4752; x_wconf 59' lang='lat' dir='ltr'><strong>(telerna,</strong></span> <span class='ocrx_word' id='word_1_251' title='bbox 1039 4682 1073 4742; x_wconf 90' lang='lat' dir='ltr'><strong>et</strong></span> <span class='ocrx_word' id='word_1_252' title='bbox 1107 4697 1174 4742; x_wconf 90' lang='lat' dir='ltr'><strong>non</strong></span> <span class='ocrx_word' id='word_1_253' title='bbox 1205 4674 1295 4754; x_wconf 89' lang='lat' dir='ltr'><strong>alibi,</strong></span> <span class='ocrx_word' id='word_1_254' title='bbox 1317 4673 1495 4741; x_wconf 90' lang='lat' dir='ltr'><strong>dummodo</strong></span> 
     </span>
     <span class='ocr_line' id='line_1_37' title="bbox 439 4774 1496 4845; baseline 0 -5"><span class='ocrx_word' id='word_1_255' title='bbox 439 4774 670 4841; x_wconf 87' lang='lat' dir='ltr'><strong>rationabilem</strong></span> <span class='ocrx_word' id='word_1_256' title='bbox 709 4775 855 4842; x_wconf 86' lang='lat' dir='ltr'><strong>habeant</strong></span> <span class='ocrx_word' id='word_1_257' title='bbox 898 4780 1196 4845; x_wconf 89' lang='lat' dir='ltr'><strong>summonitionem.</strong></span> <span class='ocrx_word' id='word_1_258' title='bbox 1236 4777 1345 4845; x_wconf 83' lang='lat' dir='ltr'><strong>Salvis</strong></span> <span class='ocrx_word' id='word_1_259' title='bbox 1383 4784 1496 4844; x_wconf 85' lang='lat' dir='ltr'><strong>tamen</strong></span> 
     </span>
    </p>
   </div>
   <div class='ocr_carea' id='block_1_9' title="bbox 0 0 1813 5808">
    <p class='ocr_par' dir='ltr' id='par_1_9' title="bbox 0 0 1813 5808">
     <span class='ocr_line' id='line_1_38' title="bbox 0 0 1813 5808; baseline 0 0"><span class='ocrx_word' id='word_1_260' title='bbox 0 0 1813 5808; x_wconf 95' lang='lat' dir='ltr'><strong> </strong></span> 
     </span>
    </p>
   </div>
  </div>
 </body>
</html>
