3578 5808
531 907 731 958 srcrsrnurr
756 905 1080 956 nsnnrsrumrrsn.
1228 978 1232 989 Ι
1290 891 1330 954 31

281 1107 387 1174 olesire
411 1108 452 1173 de
475 1106 638 1172 Wdetone
661 1127 702 1171 cx
727 1109 821 1191 parte
843 1124 919 1182 una,
943 1108 978 1169 et
1000 1103 1154 1168 abbatem
1188 1106 1222 1167 et
1257 1123 1332 1166 con·

280 1217 417 1277 ventum
440 1211 482 1276 de
497 1209 733 1275 Malmesburia
748 1230 791 1274 ex
813 1205 926 1284 altera,
950 1207 1070 1272 abbate
1102 1206 1143 1271 de
1168 1203 1332 1269 Evesham

279 1314 320 1378 ad
343 1319 449 1378 totam
465 1332 597 1379 oausam
613 1311 776 1397 legittime
792 1315 954 1386 excusato,
972 1308 1112 1374 salutem
1128 1309 1164 1371 in
1180 1306 1330 1371 Domino.

282 1415 424 1481 Noverit
446 1415 600 1479 discretio
623 1419 735 1478 vestra
766 1433 826 1476 nos
860 1411 1054 1477 mandatum
1085 1410 1211 1474 domini
1233 1409 1331 1494 Papae

280 1519 313 1582 in
338 1518 407 1584 haec
423 1518 524 1582 verba
546 1517 732 1602 suscepisse.
779 1514 993 1600 “Gregorius
1017 1513 1195 1599 episcopus,
1219 1532 1333 1576 servus

280 1629 296 1654 “
320 1642 489 1685 servorum
513 1619 585 1697 Dei,
602 1617 730 1683 dilectis
753 1616 839 1694 filiis,
862 1616 978 1682 abbati
1001 1616 1042 1681 de
1066 1614 1241 1691 Evesham,
1256 1634 1332 1678 can-

280 1729 296 1756 “
321 1721 459 1800 cellario,
475 1727 510 1786 et
532 1722 656 1786 decano
680 1719 795 1797 Oxon,
811 1719 1049 1785 lincolniensis
1072 1717 1333 1794 (11111οεί1111-

280 1834 298 1859 “
320 1830 387 1888 tem
403 1829 438 1889 et
453 1823 663 1909 apostolicam
680 1822 950 1887 benedictionem.
972 1821 1025 1887 W.
1038 1842 1175 1906 persona
1190 1819 1332 1886 ecclesiee

280 1936 296 1960 “
320 1926 360 1989 de
376 1925 538 1990 Wdetone
561 1925 668 2015 nobis¹
683 1925 837 2010 exposuit
859 1923 1095 2008 conquerendo,
1119 1923 1207 2008 qnod
1231 1923 1333 1988 abbas

281 2036 296 2062 “
321 2034 354 2092 et
388 2031 570 2092 conventus
603 2025 853 2103 Malmcsburiru,
886 2031 920 2090 et
955 2025 1090 2111 quidam
1122 2024 1179 2090 olii
1213 2025 1331 2090 Sarum

282 2137 298 2162 “
323 2128 481 2207 dioeccsis,
505 2149 603 2214 super
640 2127 775 2192 decimis
814 2132 848 2192 et
881 2128 979 2192 rebus
1017 2127 1092 2192 aliis
1130 2127 1333 2212 injuriantur

281 2239 297 2263 “
321 2230 437 2295 eidem.
493 2229 654 2310 Quocirca
688 2230 877 2295 discretioni
913 2233 1032 2294 vestrae
1065 2251 1123 2315 per
1152 2229 1332 2316 apostolica

281 2342 298 2366 “
322 2333 444 2418 scripta
465 2333 669 2410 mandamus,
693 2333 859 2418 quatinus,
883 2331 1035 2418 partibus
1059 2333 1257 2409 convocatis,
1272 2353 1331 2397 au-

280 2443 298 2468 “
322 2435 421 2499 diatis
453 2455 595 2512 causam,
630 2440 664 2499 et
700 2433 923 2520 appellatione
959 2439 1085 2500 remota
1120 2434 1184 2499 fine
1219 2434 1332 2499 debito

280 2547 299 2571 “
322 2537 515 2616 terminetis,
539 2537 697 2603 facientes
721 2537 810 2622 quod
833 2537 1044 2602 decreveritis
1071 2560 1130 2624 per
1161 2559 1330 2604 censuram

280 2649 299 2674 “
323 2640 572 2706 eeclesiasticam
597 2639 745 2716 ¹firmiter
779 2640 953 2706 observari.
1000 2639 1096 2706 Teste
1128 2647 1248 2718 autern,
1272 2647 1331 2706 etc.

279 2752 299 2776 “
323 2742 419 2822 Quod
435 2743 463 2806 si
479 2763 545 2806 non
557 2764 681 2819 omnes,
698 2748 757 2808 etc.
804 2741 930 2806 Datum
946 2743 1081 2821 Perusii‚
1098 2743 1155 2808 iiii.
1172 2744 1217 2809 kl.
1233 2745 1333 2830 Apri·

279 2853 300 2878 “
323 2845 373 2920 lis,
396 2844 609 2931 pontificatus
643 2845 748 2909 nostri
780 2865 868 2908 anno
903 2845 1028 2909 tertio.'’
1084 2845 1196 2930 Hujus
1229 2847 1333 2931 igitur

279 2946 479 3012 auctoritate
494 2945 653 3021 mandati,
662 2951 770 3011 actore
786 2966 894 3010 coram
904 2945 999 3010 nobis
1016 2945 1231 3030 personaliter
1247 2968 1333 3011 com-

278 3054 425 3136 parente,
441 3047 538 3113 dictis
554 3047 673 3112 abbate
692 3053 727 3112 et
749 3053 915 3113 conventu
938 3069 997 3133 per
1021 3049 1215 3135 magistrum
1232 3047 1275 3113 N.
1292 3050 1332 3114 de

281 3152 496 3235 Cyrenes-stre
529 3155 772 3235 procuratorem
817 3149 932 3214 datum
974 3150 1016 3214 ad
1051 3155 1156 3214 totam
1201 3171 1333 3215 causam

280 3251 555 3338 comparentibus,
580 3251 668 3316 facta
690 3250 758 3316 fuit
790 3251 879 3316 dicto
901 3252 1104 3337 procuratori
1139 3251 1240 3317 editio
1272 3251 1334 3316 sub

280 3354 345 3419 hac
382 3355 505 3418 forma:
540 3352 632 3418 Dicit
670 3352 847 3439 praedictus
879 3352 929 3417 W.
969 3359 1075 3419 rector
1112 3354 1255 3420 ecclesiae
1293 3355 1333 3420 de

280 3457 454 3532 Wdetone,
471 3455 559 3540 quod
584 3454 685 3519 abbas
710 3461 745 3520 et
769 3460 951 3520 conventus
979 3455 1019 3521 de
1036 3455 1268 3522 Malmesburia
1284 3457 1335 3520 in·

275 3560 370 3644 juste
381 3558 533 3623 detinent
545 3556 686 3621 decimos
698 3556 929 3642 provenientes
942 3557 982 3622 de
998 3556 1160 3623 dominico
1173 3560 1259 3643 quod
1275 3559 1334 3624 ha-

280 3661 362 3726 bent
377 3662 413 3723 in
430 3658 537 3723 Parva
560 3657 707 3723 Yectone
730 3663 922 3743 spectantes.
955 3639 1174 3724 ‘Petitarum
1192 3661 1335 3726 decimas

280 3784 356 3848 quae
380 3761 420 3827 de
444 3761 533 3826 dicto
556 3760 721 3825 dominico
743 3759 983 3845 perveniebant
1017 3767 1164 3848 tempore
1189 3764 1244 3828 illo
1268 3787 1333 3850 quo

278 3865 408 3930 dictum
432 3863 634 3928 dominicum
656 3883 716 3949 per
737 3861 887 3926 hominos
903 3863 945 3927 de
969 3862 1111 3932 Zectone
1127 3872 1199 3930 erat
1222 3868 1333 3934 excul-

278 3975 362 4033 tum.
411 3965 456 4030 Et
477 3964 540 4030 hoc
562 3964 645 4030 dicit
666 3963 759 4028 salvo
782 3963 846 4028 sibi
864 3964 940 4050 jure
963 3965 1107 4031 addendi
1138 3967 1193 4032 vel
1226 3970 1335 4034 minu-

279 4069 367 4134 endi.
437 4065 590 4131 Intentat
627 4065 728 4130 etiam
773 4065 967 4151 petitorium
1013 4073 1047 4132 et
1092 4071 1333 4154 possessorium.

278 4171 429 4236 Tandem
452 4169 554 4234 variis
577 4188 685 4233 coram
718 4168 814 4232 nobis
847 4170 1027 4255 propositis
1058 4177 1093 4236 et
1124 4155 1269 4251 cassatis,
1292 4174 1333 4238 lis

278 4295 379 4359 super
413 4277 554 4355 utroque
588 4269 728 4335 articulo
766 4291 875 4335 coram
907 4271 1002 4336 nobis
1036 4279 1108 4338 erat
1140 4278 1333 4342 contestata.

278 4375 426 4440 Demum
457 4372 627 4458 productis
659 4371 810 4448 testibus,
844 4371 1022 4458 publicatis
1053 4377 1333 4456 attestationibus,

278 4476 407 4543 auditis
452 4475 734 4561 disputationibus
781 4481 815 4540 et
862 4475 1128 4554 confessionibus,
1176 4480 1332 4564 inspectis

278 4579 382 4644 etiam
411 4579 574 4643 dictorum
598 4577 729 4643 abbatis
751 4583 785 4642 et
807 4585 990 4644 conventus
1012 4579 1202 4665 privilegiis,
1226 4582 1334 4647 Deum

277 4681 442 4747 habentes
465 4703 533 4768 pree
557 4679 679 4758 oculis3
710 4678 825 4745 habito
857 4679 958 4745 etiam
982 4703 1079 4767 super
1101 4683 1166 4747 hiis
1188 4686 1335 4750 virorum

277 4784 486 4878 prudentum
530 4781 665 4849 consilio
699 4804 774 4846 cum
819 4782 1055 4880 deliberatione
1090 4786 1195 4876 plena,
1230 4788 1334 4861 dictos
