3566 5820
439 845 504 910 208
693 856 891 908 susurrum
914 855 1235 910 usuumuumuusu.

436 1059 517 1106 num
548 1040 654 1108 filium
685 1041 772 1120 Ursi,
798 1042 917 1130 Elyam
939 1045 979 1110 de
1014 1044 1204 1132 Keylewey,
1227 1045 1411 1114 Walterum
1445 1047 1486 1114 de

437 1143 606 1222 Beinionc,
645 1145 828 1214 Walterum
869 1148 911 1214 de
950 1147 1163 1226 Obaudefeld
1204 1147 1406 1216 Wiilelmum
1445 1151 1486 1216 de

437 1243 871 1327 cemmendandam
893 1251 934 1316 de
958 1249 1130 1328 Oheverol,
1154 1251 1318 1338 Rogemm
1341 1252 1485 1330 Germia,

437 1348 619 1417 Henricum
649 1353 696 1418 16
723 1353 862 1432 Boville,
886 1355 1065 1440 symonem
1095 1355 1136 1421 16
1166 1353 1275 1433 Pareo,
1298 1356 1484 1423 «Iohannem

435 1452 476 1518 de
501 1453 631 1533 Esione,
654 1455 870 1524 Godeiridum
893 1458 933 1523 16
958 1455 1162 1536 Scudemore‚
1179 1457 1286 1525 Eliam
1309 1459 1351 1526 de
1374 1459 1484 1538 Haila,

435 1553 622 1622 Johannem
656 1557 697 1623 de
720 1557 865 1636 Vermim
888 1559 1067 1628 Ricardum
1099 1559 1139 1626 16
1171 1559 1359 1628 Berneford.
1421 1561 1484 1627 Ju-

350 1727 353 1736 ,
436 1659 502 1724 rati
536 1658 653 1725 dicuni
694 1661 782 1746 quod
814 1661 931 1727 Petrus
963 1661 1064 1728 Burei
1096 1661 1203 1748 majus
1236 1664 1293 1748 jus
1323 1662 1423 1732 habeo
1447 1663 1483 1730 in

436 1759 575 1828 dimidia
600 1759 691 1846 hyda
721 1767 826 1841 temes,
849 1763 984 1831 tenendi
1014 1785 1087 1830 eam
1118 1765 1159 1830 de
1188 1765 1347 1851 pradicba
1368 1765 1482 1844 Alieia,

438 1883 536 1947 quam
569 1865 728 1949 praedioia
750 1866 857 1934 Aiicia
886 1867 1030 1936 habendi
1061 1889 1133 1934 eam
1163 1868 1200 1934 in
1222 1868 1393 1936 dominico.
1438 1868 1483 1935 Et

436 1964 478 2030 de
499 1964 566 2032 alia
588 1965 725 2032 dimidia
746 1967 847 2055 hyda,
876 1969 992 2036 dieunt
1014 1971 1103 2056 quod
1125 1969 1212 2036 idem
1236 1969 1353 2036 Petrus
1375 1970 1482 2055 majus

431 2067 488 2152 jus
509 2066 610 2134 habet
632 2070 668 2134 in
690 2069 749 2137 1116
771 2072 909 2138 dimidia
934 2073 1033 2159 hyda,
1057 2094 1156 2157 quam
1186 2073 1345 2159 praedicta
1366 2071 1481 2139 alisia

436 2171 479 2236 Et
512 2171 586 2238 ideo
609 2173 850 2241 consideratum
872 2180 923 2242 661
955 2175 1044 2260 quod
1066 2174 1182 2240 Petrus
1204 2180 1239 2242 61
1271 2174 1407 2240 heredes
1429 2175 1479 2239 sui

434 2278 570 2342 teneam
592 2277 783 2362 praedictam
806 2285 928 2346 cenam
951 2279 987 2343 in
1009 2299 1097 2364 paee,
1113 2279 1224 2364 quiete
1239 2279 1482 2364 imperpetuum

435 2378 475 2443 16
510 2380 667 2465 praedicta
698 2381 807 2449 Alieia
840 2387 875 2450 61
906 2381 1081 2448 heredibus
1113 2383 1188 2450 suis.
1234 2380 1413 2450 666166
1446 2383 1482 2448 in

434 2482 660 2550 misericordia.

782 2711 860 2778 car.
882 2709 1125 2780 OOCXXXVI,

503 2867 607 2934 Oortc
629 2865 803 2934 Johoooo'e
826 2866 866 2932 (16
889 2865 1092 2934 Foclaswiiee
1114 2865 1291 2934 1666166(
1314 2873 1412 2934 terra.

478 3012 594 3078 Sciant
623 3015 799 3100 praesentes
829 3017 864 3077 61
897 3011 1002 3077 futuri
1037 3012 1125 3098 quod
1158 3033 1219 3098 ego
1240 3009 1410 3078 Jchannes
1440 3011 1480 3078 16

433 3115 663 3203 Fouleswyke,
685 3135 844 3181 consensu
874 3119 909 3180 61
938 3115 1112 3181 voluntate
1142 3113 1301 3181 horedum
1323 3137 1480 3196 meorum,

288 3243 301 3276 e
328 3245 341 3277 r
433 3219 557 3285 tradidi
580 3224 616 3284 61
637 3217 790 3296 concessi,
814 3222 847 3284 61
876 3217 939 3283 166
961 3238 1034 3282 mea
1055 3223 1147 3284 carta
1168 3217 1360 3283 confirmavi
1383 3219 1479 3284 Petro

289 3310 348 3346 ¹¹¹⁹·
432 3321 541 3400 Burel‚
564 3327 599 3386 61
628 3320 804 3386 heredibus
836 3320 890 3386 vol
921 3319 1096 3407 assignatis
1128 3320 1203 3398 suis,
1234 3342 1293 3408 pro
1326 3319 1480 3408 homagio

431 3429 466 3490 61
499 3424 637 3490 servicio
669 3427 865 3500 succubam
899 3427 1021 3488 terram
1055 3443 1161 3490 msam
1188 3424 1229 3489 de
1252 3423 1479 3512 Fculeswyke‚

431 3549 530 3614 quam
553 3528 594 3592 16
618 3525 763 3614 Symone
786 3527 827 3592 16
850 3525 964 3591 Monte
988 3525 1080 3592 Forii
1103 3526 1204 3606 tenui,
1228 3545 1304 3593 cum
1325 3527 1479 3594 omnibus

430 3631 641 3718 periinentiis
673 3630 742 3695 suis
764 3630 808 3696 ad
838 3629 975 3695 eandem
1006 3635 1127 3696 herram
1161 3631 1407 3717 spectantibus3
1428 3638 1478 3698 16-

430 3733 572 3800 nandum
596 3739 630 3799 61
651 3732 845 3810 habendam,
861 3733 902 3798 de
924 3755 977 3798 me
1000 3739 1034 3800 61
1056 3733 1231 3799 heredibus
1253 3735 1343 3813 meis,
1360 3734 1421 3800 sibi
1445 3740 1479 3800 61

430 3836 606 3902 heredibus
630 3835 684 3900 vel
718 3835 893 3923 assignatis
924 3835 992 3900 suis
1022 3834 1064 3900 ad
1098 3835 1185 3901 feodi
1207 3835 1345 3914 firmam,
1368 3836 1478 3915 libere,

431 3942 541 4027 quiete
564 3945 598 4004 61
629 3939 778 4026 integrm
802 3939 969 4004 reddendo
1002 3939 1080 4003 inde
1114 3937 1215 4004 miehi
1238 3944 1273 4004 61
1302 3938 1478 4005 heredibus

430 4043 519 4120 meis,
542 4044 612 4128 ipse
636 4046 670 4107 61
702 4042 837 4106 heredes
869 4041 922 4107 vel
954 4041 1113 4128 assignati
1136 4042 1196 4118 sui,
1220 4041 1360 4128 singuiis
1382 4042 1478 4107 annis

430 4145 602 4211 duodecim
640 4144 790 4209 denarios
827 4142 870 4208 61
911 4143 1034 4209 festum
1070 4142 1184 4209 Sancii
1218 4142 1389 4209 Michaelis
1418 4165 1478 4232 pro

431 4249 519 4312 omni
542 4247 679 4313 servicio
702 4251 736 4311 61
766 4245 903 4312 seculari
926 4246 1104 4323 exactione,
1129 4245 1220 4310 salvo
1252 4246 1390 4312 servicio
1420 4247 1478 4311 do·

430 4349 512 4414 mini
534 4350 631 4436 regis.
678 4348 741 4413 Pro
770 4347 833 4415 hae
857 4353 969 4413 autem
999 4347 1177 4414 traditione
1208 4353 1242 4412 61
1272 4348 1477 4414 concessione

429 4457 463 4518 61
485 4452 585 4537 hujus
607 4473 688 4517 meae
711 4455 810 4517 cariae
831 4450 1079 4516 confirmatione
1095 4451 1235 4516 firmiter
1255 4450 1476 4529 observandis,

429 4555 522 4620 16111
558 4553 660 4620 michi
704 4553 792 4618 idem
824 4553 941 4618 Petrus
975 4559 1049 4618 6616
1081 4573 1207 4618 marcas
1240 4553 1370 4639 argenti
1407 4573 1476 4639 prae

428 4655 589 4733 manibus,
612 4655 655 4722 ad
686 4659 803 4721 votum
833 4655 1106 4742 peregrinationis
1128 4675 1209 4724 mere
1232 4655 1476 4742 perficiendum,

428 4759 629 4826 6116116166
660 4757 740 4825 filia
773 4779 856 4824 mea
878 4757 1051 4823 dimidiam
1081 4777 1232 4824 marcam.
1280 4756 1352 4844 Ego
1375 4758 1473 4824 etiam
