3526 5810
561 906 759 958 emmerami
782 899 1104 954 nnnnrssulunnsn
1292 881 1358 950 317

307 1102 488 1189 episcopus,
522 1107 641 1188 rogatu
672 1097 871 1166 venerabilis
906 1095 1032 1161 Ordlafi
1067 1092 1205 1171 comitis,
1238 1097 1358 1156 terram

310 1228 384 1291 quae
411 1212 546 1271 vocatur
570 1202 797 1288 Ceollanpurd,
813 1221 913 1286 quem
940 1219 999 1284 pro
1022 1197 1130 1264 salute
1153 1200 1188 1261 ct
1209 1193 1358 1280 redemp-

308 1308 398 1375 tione
421 1308 541 1373 cnimae
565 1328 644 1384 suco,
675 1304 811 1370 familiae
835 1301 979 1368 ecclesiae
1002 1321 1076 1386 quse
1099 1298 1239 1383 antiquo
1262 1317 1358 1362 voca·

305 1409 385 1476 bulo
408 1407 608 1476 Mailduberi
630 1411 777 1484 vocatur,
799 1409 911 1471 nostro
945 1407 1057 1468 autom
1081 1397 1359 1484 Maildubesburg,

307 1515 344 1579 in
366 1513 453 1580 dono
483 1518 643 1598 perpetuo
675 1507 843 1586 concessit,
866 1506 929 1571 sub
952 1504 1163 1571 anathemate
1198 1503 1360 1588 imperpe-

307 1621 405 1682 tuum
436 1615 621 1681 dominium
655 1612 745 1678 iilius
777 1609 921 1678 ecclesiae
943 1607 1101 1675 confirmo
1127 1611 1162 1672 et
1184 1605 1359 1680 constituo,

306 1719 356 1783 ita
380 1721 418 1783 ut
439 1715 560 1794 nullus,
582 1733 644 1782 nec
677 1712 778 1780 etiam
801 1711 947 1798 ejusdem
971 1709 1113 1777 ecclesiae
1135 1707 1245 1786 abbas,
1276 1729 1359 1793 prae-
1373 1713 1391 1766 f.
1404 1717 1463 1767 aso.

308 1824 420 1886 sumet
440 1817 619 1904 aliquando
643 1838 701 1883 sou
728 1836 822 1902 preco
845 1835 903 1881 seu
925 1813 1034 1900 precio
1066 1812 1102 1876 in
1124 1811 1237 1878 franco
1258 1810 1359 1876 feudo

309 1923 401 1988 illam
424 1922 523 1988 alicui
546 1921 632 1987 dare.
679 1918 776 2000 Quod
799 1917 857 2004 qui
880 1915 1135 2003 presumpserit,
1150 1937 1193 1982 ex
1215 1913 1359 1980 auotori-

309 2031 379 2091 tate
393 2024 457 2089 Dei
485 2022 666 2089 Salvatoris
689 2019 803 2098 nostri,
827 2025 862 2086 et
883 2017 990 2084 beatae
1014 2018 1159 2104 ejusdem
1175 2015 1239 2082 Dei
1261 2037 1359 2102 gene·

308 2127 400 2193 tricis
422 2125 546 2203 Mariae,
568 2129 604 2191 et
626 2124 797 2190 beatorum
828 2121 1050 2208 apostolorum
1073 2121 1163 2186 Petri
1197 2125 1232 2186 et
1254 2118 1358 2197 Pauli,

310 2230 534 2314 Omniumque
580 2227 777 2294 Sanctorum
814 2225 909 2291 illum
952 2223 1219 2301 anathematizo,¹
1267 2227 1302 2288 et
1338 2245 1359 2289 o

308 2331 536 2399 communione
567 2329 711 2416 corporis
734 2331 769 2394 et
790 2327 960 2416 sanguinis
983 2327 1120 2393 Domini
1141 2327 1246 2392 nostri
1278 2325 1358 2391 Jesu

309 2435 437 2502 Christi
468 2432 532 2499 Dei
566 2437 601 2500 et
633 2431 817 2499 Salvatoris
848 2431 964 2510 nostri,
988 2431 1045 2496 sed
1079 2435 1114 2496 et
1144 2452 1165 2497 a
1196 2429 1359 2497 consortio

309 2544 343 2604 et
365 2539 408 2603 cb
432 2535 561 2604 imitate
593 2539 715 2601 sanotae
739 2533 881 2600 ecclesiae
904 2539 939 2600 et
960 2533 1064 2599 totius
1088 2532 1359 2610 Christianitatis,

309 2639 403 2704 illum
438 2637 574 2724 excipio,
609 2658 684 2702 cum
716 2635 740 2700 J
743 2637 807 2702 uda
840 2635 991 2701 Scarioth
1024 2639 1058 2700 et
1081 2634 1217 2720 Caipha,
1252 2634 1359 2701 Pilato

308 2747 343 2807 et
373 2741 519 2826 Symono
551 2739 649 2825 Mago
683 2739 754 2804 sine
789 2739 853 2804 tino
896 2738 1107 2804 mercandum
1139 2738 1175 2802 in
1200 2738 1359 2824 gehennae

309 2843 470 2920 incendio,
502 2841 567 2907 nisi
597 2845 726 2908 reatum
758 2863 855 2908 suum
887 2839 1074 2921 correxerit,
1098 2841 1242 2926 dumque
1265 2841 1360 2907 satis-

308 2947 451 3013 factione
488 2943 785 3031 pacaverit—Nec
822 2943 870 3010 sic
905 2942 1071 3029 adquievi.
1132 2942 1212 3009 Post
1256 2944 1360 3008 trium

308 3069 471 3115 annorum
505 3046 667 3114 curricula
690 3045 907 3123 Lundoniam,
931 3044 989 3111 ubi
1012 3044 1188 3111 concilium
1203 3045 1360 3112 tredecim

309 3151 541 3238 episcoporum,
565 3153 727 3236 praesente
759 3149 992 3235 gloriosissimo
1022 3147 1155 3214 domino
1190 3169 1262 3214 meo
1284 3171 1360 3236 rege

308 3253 547 3341 praenominato
584 3258 618 3318 et
650 3253 684 3318 E.
723 3252 977 3338 metropolitano
1015 3253 1174 3340 episcope,
1205 3253 1361 3331 consedit,

309 3357 395 3435 veni,
419 3361 454 3422 et
483 3355 604 3420 iterum
626 3353 802 3441 pristinam
825 3355 904 3421 doni
928 3353 992 3420 mei
1014 3355 1294 3422 confirmationem
1318 3357 1361 3422 ab

309 3463 506 3530 auctoritate
529 3461 676 3548 ejusdem
699 3461 947 3547 metropolitani
970 3461 1114 3548 episcopi
1138 3462 1173 3528 E.
1198 3462 1361 3549 simulque

308 3566 449 3632 aliorum
471 3563 619 3629 omnium
641 3563 876 3642 confirmatam,
900 3563 987 3629 votis
1011 3570 1044 3630 ot
1078 3565 1362 3633 benedictionibus

310 3672 531 3734 consecratam
562 3665 677 3752 recepi.
739 3665 846 3746 Quam
869 3667 943 3732 ideo
966 3668 1088 3754 scripto
1111 3670 1271 3756 assignari
1294 3691 1361 3735 me-

309 3771 422 3836 moriae
430 3769 523 3856 jussi,
539 3767 668 3854 nequis
682 3767 869 3853 aliquando,
885 3769 947 3835 hoc
962 3770 1138 3836 interdicto
1153 3773 1362 3859 praecognito,

309 3872 364 3938 vel
388 3871 534 3957 ejusdem
558 3869 701 3936 ecclesiae
723 3870 834 3948 abbas,
857 3871 911 3936 vel
943 3893 1002 3937 rex
1026 3871 1154 3958 aliquis,
1177 3895 1238 3940 neo
1270 3875 1361 3960 regni

310 3979 504 4062 praepotens,
519 3995 578 4059 per
593 3972 835 4058 suggestionem
850 3974 989 4060 alicujus
1013 3975 1166 4040 secularis
1182 3975 1273 4042 illam
1296 3983 1361 4042 ter·-

310 4097 381 4142 ram
404 4077 468 4141 sibi
490 4077 690 4162 adoptantis
714 4077 750 4141 in
772 4083 1059 4163 praemomorctum
1082 4077 1202 4143 enimae
1236 4078 1363 4144 incidat

311 4179 501 4266 periculum.
548 4177 736 4244 Novissime
758 4183 870 4244 autem
893 4197 967 4244 mea
995 4179 1182 4246 benedictio
1205 4185 1240 4246 et
1262 4181 1362 4247 male·

311 4281 412 4348 dictio
435 4285 597 4366 sequetur.
638 4281 928 4347 Consentientibus
944 4281 1021 4348 huic
1043 4283 1187 4362 cartula,
1203 4290 1362 4370 perpetua

311 4405 377 4470 pax
400 4389 534 4450 maneat
555 4384 591 4448 in
612 4384 746 4471 superis.
793 4383 1105 4452 Contradicentibus
1129 4407 1215 4464 vero,
1238 4385 1304 4452 heu
1327 4395 1362 4452 et

311 4508 372 4564 vae,
395 4492 429 4553 et
455 4507 531 4574 pars
562 4507 637 4553 cum
669 4486 793 4566 inferis,
816 4487 881 4552 nisi
914 4485 950 4552 in
984 4486 1139 4575 praesenti
1161 4511 1236 4556 cum
1267 4489 1362 4556 sctis-

311 4588 453 4656 factione
476 4590 661 4656 emendent
708 4589 794 4670 Fiat,
818 4590 887 4669 fiat,
910 4591 1027 4658 Amen

579 4791 586 4824 ¹
603 4790 801 4860 onothermtizo]
822 4793 1044 4857 anathematicizo,
1056 4795 1112 4848 ΜΒ.
