3514 5818
734 798 896 881 Pession.
1281 809 1340 873 lxv

316 1025 336 1080 f.
350 1023 402 1080 122
415 1025 442 1079 b.
460 1024 587 1099 Wyltos.
615 1019 730 1076 Plocitc
753 1018 830 1089 epod
847 1013 1141 1074 westmonasterium
1158 1013 1195 1068 de
1213 1010 1339 1067 termino

387 1106 489 1163 Sancti
506 1105 672 1169 Michaelis,
691 1120 767 1160 enno
784 1101 870 1172 regni
887 1100 968 1170 regis
980 1097 1117 1154 Edwordi
1135 1095 1217 1151 tertii
1235 1113 1253 1150 e
1271 1111 1337 1149 con·

386 1196 493 1261 questu
510 1188 616 1244 xxxvii.
643 1187 717 1254 (The
734 1185 834 1242 Abbot
850 1185 884 1239 of
907 1181 1107 1251 Malmesbury
1125 1179 1227 1235 clcims
1245 1196 1263 1233 e
1281 1177 1339 1232 toft

386 1271 418 1327 in
429 1271 480 1327 the
492 1277 570 1328 town
581 1272 658 1325 from
670 1269 734 1325 itio.
748 1265 886 1332 Hoserd.)

316 1358 336 1411 s.
350 1357 402 1412 123
419 1356 548 1411 Iiirther
558 1353 751 1427 procecdings
763 1351 795 1406 in
807 1351 858 1406 tho
871 1366 950 1405 some
960 1347 1031 1413 suit,
1049 1348 1084 1404 38
1097 1345 1122 1402 ὣ
1133 1348 1167 1403 39
1180 1346 1261 1403 now.
1274 1346 1335 1406 111.

573 1708 715 1764 Faustino
733 1709 766 1763 B.
785 1706 846 1762 viii.
867 1705 896 1762 ff.
917 1706 1048 1762 128-265.

317 1841 386 1912 Cep.
406 1841 430 1898 I.
450 1841 539 1897 (torto
563 1839 706 1897 Iohannis
732 1839 846 1896 ebbotis
869 1839 948 1894 fecto
973 1837 1102 1894 Hemcni
1129 1839 1165 1894 de
1193 1840 1334 1898 Bochem-

441 1930 512 1981 tonc
529 1925 565 1980 de
584 1925 671 1979 domo
691 1922 827 1978 Herbcrd
848 1921 935 1993 juxto
953 1920 1107 1988 Ossebsrn,
1128 1929 1158 1979 et
1185 1923 1221 1979 de
1248 1925 1334 1982 domo

441 2008 584 2064 Willelmi
603 2008 715 2079 Chrys,
734 2023 813 2062 nunc
830 2005 863 2060 in
880 2005 974 2060 muris
991 2004 1114 2060 obbatis.

405 2089 447 2145 11.
467 2090 556 2147 Certo
571 2088 725 2160 {Homonis
743 2088 779 2142 de
805 2087 1003 2142 Bechemtone
1028 2087 1107 2142 fecte
1132 2085 1259 2144 Jchonni
1285 2091 1333 2146 ab·

440 2173 502 2228 bati
521 2173 556 2228 de
574 2172 692 2227 redditu
709 2169 801 2226 'orium
819 2169 987 2226 solidorum.

406 2255 465 2312 111.
807 2252 812 2322 Ι
950 2252 1020 2324 Oep.
1040 2251 1172 2319 com,
1191 2255 1227 2310 R.
1241 2253 1274 2310 Ο.

406 2339 483 2395 IIII.
503 2338 592 2396 Cento
603 2337 622 2393 J
624 2338 746 2395 ohonnis
758 2337 872 2394 obbatis
884 2337 920 2392 dc
939 2337 1067 2407 quinque
1085 2337 1174 2393 seldis
1193 2339 1224 2393 in
1240 2339 1334 2397 West·

442 2429 510 2492 port
526 2441 562 2478 ex
580 2421 712 2494 opposito
738 2419 882 2476 Johonnis
899 2419 998 2486 Vrere,
1019 2437 1084 2492 quoe
1111 2438 1248 2478 connexae
1267 2430 1337 2480 eunt

441 2525 526 2562 muro
545 2506 690 2562 abbathiae
705 2505 792 2577 juxto
810 2503 1054 2560 Guistenestoble.

406 2589 442 2646 V.
463 2590 552 2646 (terto
569 2587 689 2645 I'homae
708 2588 814 2644 Picord
831 2588 867 2643 de
893 2586 980 2643 domo
1005 2586 1037 2642 in
1063 2588 1334 2660 Loggepnttestret‚

442 2671 552 2727 sitnets
569 2671 647 2726 inter
665 2672 785 2726 domum
802 2669 983 2726 refectorarii
1007 2675 1037 2725 et
1055 2669 1175 2726 domum
1190 2673 1337 2744 quendem

442 2752 585 2809 Johannis
603 2754 719 2810 Vruxre
737 2753 816 2808 fecte
833 2751 948 2807 custodi
966 2752 1068 2807 altoris
1087 2754 1186 2809 Beetae
1204 2754 1317 2813 Merite.

407 2835 460 2892 VI.
480 2835 569 2892 Ocrtc
586 2835 706 2908 Edenye
730 2833 830 2890 uxoris
848 2832 991 2890 Johennis
1018 2834 1054 2889 de
1080 2834 1233 2902 Eveshom,
1260 2839 1338 2894 secto

443 2919 572 2974 Roberto
590 2918 626 2974 de
645 2919 674 2973 lo
691 2916 775 2972 More
792 2917 829 2971 de
848 2917 867 2971 i.
886 2916 973 2972 domo
992 2916 1024 2969 in
1042 2915 1246 2988 Phelpnslnne.

406 3000 477 3057 VII.
497 3000 587 3057 Certe
619 3001 739 3071 Edcnye
765 2999 865 3055 uxoris
890 2996 909 3052 J
910 2999 1034 3054 ohannis
1064 2998 1100 3054 de
1130 3000 1276 3057 Evesham
1300 3002 1337 3058 de

443 3084 529 3138 domo
548 3083 579 3137 in
597 3082 805 3155 Phelypislene
820 3081 900 3137 fecto
918 3079 1046 3136 Roberto
1064 3081 1100 3135 de
1119 3082 1148 3137 lc
1165 3082 1256 3139 More.

408 3165 497 3221 VIII.
518 3166 607 3222 Corte
624 3165 746 3221 Roberti
772 3166 809 3220 de
827 3165 857 3219 lc
874 3163 956 3218 Mare
982 3165 1123 3218 dedomo
1148 3163 1180 3219 in
1207 3166 1337 3240 Phelipe-
1456 3139 1460 3150 .

444 3249 510 3305 lone
528 3249 607 3304 fecte
623 3247 723 3304 obbeti
740 3254 772 3303 et
790 3247 947 3302 conventui
965 3245 1181 3303 Mchnesbiriae.

409 3333 462 3388 IX.
483 3332 573 3388 corta
597 3331 632 3388 R.
665 3332 700 3388 de
731 3332 853 3386 Lame-re
885 3331 963 3385 fecte
992 3329 1091 3385 obbeti
1121 3336 1152 3386 et
1181 3335 1338 3406 conventui

445 3415 546 3470 Mslm.
566 3415 602 3470 de
620 3433 681 3470 unc
698 3415 785 3470 domo
804 3414 836 3469 in
853 3413 1085 3484 Phelippeslene.

408 3499 447 3554 X.
467 3499 557 3554 Corte
568 3497 680 3553 Ednnie
692 3497 791 3552 uxoris
810 3497 959 3569 qnondam
977 3495 1120 3553 Iohannis
1138 3497 1174 3553 de
1193 3499 1338 3557 Eveshnm

447 3581 482 3636 de
515 3585 683 3636 tenemento
720 3580 756 3634 de
794 3579 837 3633 Lo
866 3579 949 3634 More
983 3579 1062 3634 fecto
1091 3581 1210 3651 copellae
1241 3585 1340 3640 Beotae

447 3663 556 3719 Mcriae.
1147 3681 1149 3687 ·

356 3767 361 3777 ·
410 3748 466 3804 XI.
493 3747 582 3804 Oortc
611 3745 734 3802 Rcbcrti
765 3747 801 3801 de
829 3747 858 3800 lo
884 3745 966 3802 More
992 3747 1070 3801 fecte
1093 3750 1213 3818 cepellae
1238 3750 1337 3807 Bectae

448 3829 550 3886 Moriae
568 3831 604 3885 do
622 3829 709 3885 domo
727 3828 759 3883 in
777 3829 1008 3899 Phelippeslene.

410 3915 483 3970 XII.
502 3915 591 3971 Corte
615 3914 749 3971 redditus
776 3914 812 3969 do
840 3913 1036 3984 assignatione
1056 3914 1199 3970 Willcimi
1226 3917 1339 3974 abbatis

447 3999 525 4054 secto
541 3999 661 4070 copelloe
684 3999 784 4053 Beatos
810 3997 912 4053 Msriae
931 3997 963 4053 in
989 3999 1112 4053 ecclesio
1134 3998 1239 4070 mejeri
1264 4001 1337 4057 Mol-

448 4080 573 4136 mesbun.

345 4236 347 4240 Ι
412 4163 501 4219 XIII.
521 4163 688 4234 Aesignetio
718 4161 862 4218 Willelmi
896 4164 932 4218 de
963 4163 1086 4220 Colerne
1119 4163 1232 4220 obbatis
1262 4167 1340 4223 fecto

446 4246 560 4302 custodi
578 4245 680 4302 alteris
699 4247 799 4302 Beotae
817 4245 919 4300 Mariae
947 4245 979 4301 in
1003 4247 1127 4303 ecclesio
1145 4248 1245 4304 Mclm.
1283 4251 1339 4308 Die

448 4329 567 4385 Ssbbeti
587 4328 720 4400 proxime
745 4334 813 4384 onte
838 4331 946 4385 festum
967 4330 1164 4386 conversionis
1190 4330 1219 4388 S.
1242 4334 1338 4400 Penii,

414 4495 519 4550 XIIII.
540 4495 629 4551 Corte
645 4493 788 4553 Willelmi
813 4495 926 4551 abbans
951 4496 1029 4554 Iacto
1055 4496 1188 4553 Gclfrido
1215 4501 1242 4555 le
1269 4500 1339 4559 Scot

448 4579 484 4634 de
504 4584 672 4634 tenemento
689 4577 721 4632 in
739 4578 929 4650 Blyndelcne.
1252 4613 1257 4622 ·

412 4661 478 4716 XV.
499 4661 588 4717 Corte
603 4660 747 4716 Willelmi
772 4661 885 4716 obbatis
912 4662 990 4718 facta
1006 4664 1094 4719 Petro
1113 4664 1140 4719 le
1167 4665 1276 4736 spyoer
1301 4669 1338 4726 de

448 4745 534 4802 domo
564 4751 636 4800 uxts
653 4749 854 4816 tenementum
872 4743 1015 4802 Iohannis
1032 4747 1199 4804 Wircester.
1282 4791 1283 4796 .
