3524 5808
539 880 737 932 nnenrnuu
760 879 1081 932 mumaunrmsn
1270 868 1335 935 333

285 1065 488 1154 quarterium
510 1087 626 1132 avenae
652 1070 693 1134 ad
717 1068 866 1136 farinam.
943 1069 1025 1149 Quae
1048 1069 1182 1155 quidem
1213 1069 1334 1134 solutio

284 1170 440 1248 redditus,
472 1169 629 1234 frumenti
668 1175 702 1236 et
738 1192 863 1248 avenae,
901 1173 1016 1238 statim
1054 1178 1129 1259 post
1167 1173 1334 1238 decessum

284 1271 457 1357 utriusque
489 1277 639 1338 nostnrm
670 1272 820 1351 cessabit,
847 1278 882 1339 et
913 1273 984 1340 loeo
1015 1275 1121 1360 ipsius
1151 1274 1335 1352 solutionis,

284 1374 461 1459 pradictus
492 1373 678 1440 Willelmus
709 1381 744 1441 et
774 1375 911 1442 heredes
942 1376 994 1441 sui
1025 1382 1060 1442 et
1092 1377 1251 1463 assignati
1284 1377 1336 1442 sui

283 1475 460 1542 heredibus
490 1478 611 1542 nostris
634 1483 776 1563 quatuor
799 1479 950 1544 denarios
980 1479 1155 1545 annuatim
1187 1480 1230 1544 ad
1254 1501 1335 1564 qua-

284 1583 360 1646 tuor
382 1580 541 1646 terminos
562 1580 642 1645 anni
667 1581 911 1667 imperpetuum
940 1582 1146 1668 persolvent:
1170 1579 1334 1659 videlicet,

284 1682 326 1748 ad
349 1681 471 1749 Natale
502 1681 637 1748 Domini
664 1705 769 1748 unum
796 1683 977 1770 denarium,
1000 1684 1043 1750 ed
1072 1682 1198 1750 Pascha
1227 1705 1332 1748 unum

283 1785 464 1864 denarium,
487 1784 530 1852 ad
561 1785 778 1852 Pentecosten
809 1808 913 1851 unum
940 1787 1122 1866 denarium,
1147 1787 1246 1852 etad
1269 1787 1332 1852 fes-

284 1890 355 1953 tum
385 1886 502 1954 Sancti
536 1887 707 1954 Michaelis
742 1910 846 1953 unum
880 1888 1062 1966 denarium,
1087 1910 1147 1975 pro
1179 1890 1332 1956 omnibus

284 1989 430 2055 serviciis
465 1995 500 2056 et
531 1991 731 2056 secularibus
765 1991 1002 2070 exactionibus,
1034 1991 1169 2058 heredes
1203 1997 1332 2058 nostros

284 2092 560 2178 contingentibus.
630 2093 666 2158 si
705 2097 818 2158 autem
855 2093 1035 2180 praedictus
1073 2093 1260 2160 Willelmus
1298 2100 1333 2160 et

283 2191 418 2259 heredes
449 2195 501 2258 sui
524 2194 577 2260 vel
600 2195 759 2282 assignati
783 2196 842 2274 sui,
867 2196 921 2261 vel
943 2197 1130 2282 quicunque
1161 2197 1218 2283 qui
1249 2219 1332 2284 prae·

284 2295 410 2362 dictum
438 2302 664 2362 tenementum
692 2303 813 2375 teneat,
837 2297 1032 2384 praedictum
1063 2299 1230 2364 redditum
1260 2300 1331 2364 fru-

284 2399 388 2464 menti
415 2403 449 2464 et
470 2421 595 2478 avenae,
618 2400 713 2465 nobis
736 2400 790 2465 vel
814 2401 873 2465 uni
902 2406 1053 2466 nostrum
1077 2402 1136 2487 qui
1167 2407 1331 2488 superstes

283 2499 393 2579 suerit,
415 2523 474 2586 per
496 2523 600 2566 unum
627 2523 772 2567 mensem
795 2508 871 2588 post
893 2503 1051 2568 terminos
1074 2504 1331 2590 praenominatos
1342 2509 1361 2560 f.
1376 2505 1433 2557 ²8⁹·

282 2602 455 2668 detineant
479 2608 514 2668 et
543 2605 669 2670 solvere
701 2603 939 2682 contradicant,
962 2605 998 2670 in
1029 2605 1186 2671 electione
1217 2611 1331 2672 nostra

281 2711 423 2792 ponetur
453 2711 532 2771 tunc
555 2707 752 2792 praedictum
776 2712 1001 2772 tenementum
1033 2708 1105 2773 sine
1139 2709 1229 2773 omni
1256 2731 1331 2774 oon·

281 2807 487 2886 tradictione,
513 2829 572 2893 pro
595 2807 727 2874 redditu
750 2815 861 2874 nostro
892 2831 959 2874 non
986 2809 1095 2876 soluto
1126 2810 1331 2898 distringere,

282 2909 336 2975 vel
367 2913 476 2975 totum
506 2910 591 2975 illud
614 2915 841 2977 tenementum
873 2933 950 2978 cum
980 2912 1133 2978 omnibus
1164 2913 1331 2999 pertinan-

280 3013 338 3078 tiis
376 3017 412 3078 et
446 3012 608 3079 eschaetis
646 3014 725 3092 suis,
759 3015 855 3080 nobis
896 3014 967 3080 sine
1009 3016 1098 3080 omni
1131 3014 1263 3101 placito,
1297 3022 1332 3082 et

281 3114 351 3179 sine
384 3115 474 3179 omni
505 3115 765 3192 contradictione
796 3116 948 3202 praedicti
971 3115 1138 3194 Willelmi,
1162 3118 1216 3182 vel
1239 3118 1330 3184 here-

281 3217 369 3294 dum,
404 3217 456 3282 vel
483 3217 725 3302 assignatorum
757 3240 901 3296 suorum,
928 3224 1190 3296 retroassumere,
1223 3226 1258 3285 et
1290 3222 1330 3287 de

281 3340 319 3385 co
350 3339 410 3405 pro
440 3319 615 3384 voluntate
646 3326 760 3386 nostra
794 3321 976 3407 disponere.
1046 3321 1116 3386 Nos
1151 3321 1264 3406 itaque
1296 3329 1330 3390 et

281 3422 417 3490 heredes
438 3424 544 3488 nostri
568 3429 676 3489 totum
700 3423 896 3509 preadictum
920 3429 1148 3490 tenementum
1171 3447 1245 3490 cum
1262 3448 1330 3492 om-

279 3525 378 3590 nibus
401 3523 611 3610 pertinentiis
634 3527 711 3602 suis,
728 3530 851 3592 etcum
873 3527 962 3591 omni
981 3527 1057 3611 jure
1080 3527 1328 3613 preenominato,

280 3627 437 3712 praedicto
460 3625 626 3690 Willelmo
649 3632 684 3691 et
705 3627 882 3692 heredibus
905 3629 973 3692 suis
996 3633 1031 3692 et
1052 3629 1229 3714 assignatis
1251 3630 1328 3706 suis,

279 3729 306 3792 si
329 3727 504 3814 praedictos
531 3711 682 3793 redditus
705 3730 801 3793 nobis
823 3730 969 3814 plenarie
993 3731 1191 3815 persolvant,
1215 3732 1327 3796 termi-

280 3832 331 3895 nis
365 3830 613 3916 praenominatis
646 3830 889 3918 imperpetuum
922 3833 1220 3898 warantizabimus.
1278 3835 1329 3901 Ut

278 3933 382 4019 igitur
413 3931 484 3996 haec
517 3937 631 3996 nostra
665 3932 808 4009 donatio,
832 3933 1004 4010 concessio,
1028 3939 1062 3998 et
1085 3939 1183 4000 cartae
1207 3940 1328 4001 nostrae

279 4033 493 4111 confirmatio,
518 4033 554 4096 in
580 4055 614 4098 se
646 4034 879 4120 perpetuitatis
905 4035 1005 4099 robur
1035 4035 1215 4115 obtineant,
1243 4037 1329 4104 hanc

279 4139 475 4223 praesentem
499 4139 624 4200 certem
647 4135 736 4202 dicto
751 4135 916 4202 Willelmo
938 4137 1010 4202 fieri
1033 4137 1178 4216 fecimus,
1199 4145 1234 4205 et
1255 4163 1328 4208 eam

279 4236 462 4324 sigillorum
478 4242 666 4303 nostrorum
687 4239 957 4324 impressionibus
977 4239 1212 4308 roboravimus.
1252 4244 1328 4308 Hiis

281 4338 430 4406 testibus.
