3566 5820
576 943 774 994 uccrsrnun
798 939 1118 992 umnusuumuusn
1307 921 1369 988 199

323 1135 527 1222 implentum,
552 1141 586 1200 et
608 1136 689 1200 dicti
714 1134 899 1208 Gervesius
921 1133 1043 1221 Agnes,
1065 1137 1126 1197 eut
1155 1153 1237 1217 puer
1259 1151 1371 1196 eorum

325 1238 381 1322 qui
413 1244 577 1323 superstes
609 1238 711 1302 fuerit
741 1235 989 1321 primogenitus,
1024 1234 1214 1320 praediotam
1249 1238 1370 1299 terrem

324 1361 397 1404 cum
433 1341 501 1404 suis
533 1339 752 1426 pertinentiis,
774 1337 943 1424 praedictis
977 1339 1091 1403 abbati
1125 1342 1159 1403 et
1193 1337 1371 1403 conventui

324 1443 537 1508 warentizcre
578 1464 644 1506 non
684 1441 854 1527 potuerint
892 1440 945 1504 vel
984 1441 1159 1517 noluerint,
1197 1441 1246 1504 ite
1283 1438 1371 1525 quod

322 1544 472 1628 praedicti
495 1543 596 1608 abbas
619 1549 653 1607 et
675 1548 857 1608 conventus
881 1564 940 1628 pro
962 1542 1094 1607 defectu
1124 1542 1295 1608 warantiae
1318 1540 1372 1605 vel

322 1645 434 1731 alique
467 1645 533 1710 elie
564 1667 662 1712 cause
693 1645 815 1709 dictam
848 1650 968 1732 terram
998 1645 1179 1723 omiserint,
1207 1665 1372 1710 conoesse-

322 1753 404 1812 iunt
423 1749 573 1834 praedicti
598 1748 774 1812 Gervssius
797 1752 831 1812 et
850 1749 970 1834 Agnes,
993 1770 1052 1834 pro
1075 1769 1110 1813 se
1133 1753 1168 1812 et
1189 1769 1249 1833 pro
1271 1769 1372 1833 puero

322 1852 481 1938 proedicto
504 1854 562 1939 qui
584 1857 748 1938 superstes
774 1851 877 1916 fuerit
908 1851 1157 1938 primogenitae,
1180 1850 1269 1937 quod
1291 1850 1373 1916 dicti

322 1954 425 2020 abbes
447 1960 482 2020 et
504 1960 685 2022 conventus
700 1955 891 2041 praedictem
908 1963 1029 2020 terrem
1046 1977 1157 2020 eorum
1181 1954 1222 2020 de
1245 1955 1372 2020 Foxem

322 2058 458 2134 intrent,
481 2059 578 2124 etde
601 2058 715 2122 eedem
747 2078 806 2142 pro
838 2055 1011 2121 voluntate
1045 2080 1106 2123 sue
1128 2058 1314 2145 disponant,
1338 2063 1373 2122 et

322 2161 410 2245 quod
433 2183 475 2226 ex
497 2167 578 2226 tunc
599 2160 641 2226 ed
664 2160 842 2224 bussellum
874 2159 1034 2224 frumenti
1065 2161 1187 2226 eisdem
1213 2161 1372 2227 Gervasio

321 2269 382 2327 eut
397 2265 530 2351 Agneti‚
547 2262 617 2328 eutl
642 2262 729 2328 dicto
753 2285 855 2349 puero
871 2285 982 2327 eorum
1004 2263 1192 2349 quicunque
1207 2269 1372 2350 superstes

322 2366 422 2431 suerit
444 2367 681 2453 primogenitus
705 2366 907 2442 solvendum,
931 2365 1022 2430 nullo
1054 2364 1373 2432 11161161611611111111.2

323 2467 367 2531 Et
389 2474 464 2554 post
486 2469 654 2534 decessum
677 2469 909 2554 praedictorum
934 2467 1085 2533 Gervesii
1108 2474 1142 2534 et
1173 2470 1314 2556 Agnetis
1336 2475 1371 2534 et
1494 2457 1497 2466 ¹

324 2569 403 2634 dicti
427 2571 520 2654 pueri
554 2592 666 2634 eorum
699 2571 885 2656 quicunque
920 2576 1084 2656 superstes
1116 2571 1218 2636 fuerit
1249 2572 1369 2658 primo-

322 2673 462 2758 genitus,
485 2678 557 2738 tote
579 2673 737 2758 praediote
760 2678 848 2738 term
870 2673 910 2737 de
935 2673 1060 2738 Foxam
1084 2697 1159 2740 cum
1194 2675 1261 2740 suis
1298 2697 1369 2761 per-

323 2775 473 2839 tinentiis
508 2775 551 2840 ad
588 2775 762 2860 praedictus
800 2775 952 2840 abbatem
991 2782 1025 2841 et
1062 2783 1261 2842 conventum
1299 2779 1370 2844 sine

322 2879 434 2965 eliqua
467 2879 725 2945 contradictione
756 2883 951 2944 revertatur.
1000 2879 1044 2943 Et
1078 2881 1158 2945 dieti
1191 2880 1368 2946 Gervcsius

322 2989 356 3047 et
377 2984 488 3068 Agnes
511 2981 695 3068 percipient
718 2981 844 3046 dictum
867 2980 1003 3046 bladum
1033 2983 1125 3068 apud
1145 2982 1280 3048 Foxem.
1329 2984 1370 3048 In

320 3087 414 3172 cujus
445 3085 492 3150 rei
531 3084 757 3149 testimonium
794 3084 873 3147 huic
910 3085 1031 3170 scripto
1065 3085 1226 3170 bipertito
1260 3092 1369 3173 partes

322 3189 430 3276 sigilla
451 3209 513 3254 sue
534 3187 725 3254 alternatim
748 3193 980 3273 apposuerunt.

686 3427 764 3495 One.
789 3425 998 3496 cccxxxi

337 3583 384 3650 De
407 3593 498 3651 temo
524 3592 726 3672 pereo-untur
748 3584 788 3650 dc
811 3583 945 3650 Kemelc
976 3604 1127 3649 reveresco
1158 3584 1298 3648 Roberto
1326 3583 1355 3647 16

366 3691 559 3777 Irneonpere
583 3699 612 3757 ct
636 3693 750 3758 Eune
776 3692 878 3758 emori
901 3713 971 3756 eure
995 3713 1054 3776 per
1080 3689 1169 3756 huuc
1194 3697 1331 3755 eurtum.

365 3840 538 3906 Univeruis
561 3841 685 3906 Christi
719 3840 870 3905 fidelibus
893 3819 1035 3925 praeseris
1058 3838 1214 3923 scriptum
1246 3839 1369 3924 inspec-
1382 3845 1524 3966 ppppetpgd

321 3944 412 4020 turis,
446 3943 630 4008 Willelmus
663 3942 726 4007 Dei
769 3941 877 4028 gretie
909 3940 1012 4007 abbas
1049 3941 1298 4018 Mslmesburiae,
1336 3946 1441 4032 etland
1453 3989 1480 4031 a,

321 4046 466 4130 ejusdem
489 4046 552 4112 loci
574 4051 765 4123 conventuri,
788 4045 927 4109 salutem
962 4049 1119 4110 aeternam
1152 4045 1188 4108 in
1218 4044 1369 4110 Domino.
1381 4049 1528 4100 Kembleto

322 4147 463 4213 Noverit
495 4148 693 4214 universitcs
726 4152 845 4225 vestra,
875 4169 937 4212 nos
968 4148 1142 4214 tradidisse
1176 4152 1210 4213 et
1241 4116 1504 4214 conces-”mm

321 4250 399 4315 sisse
414 4249 558 4316 Roberto
581 4249 611 4316 le
627 4250 837 4337 Hyrmonger
860 4251 900 4315 dc
916 4250 1059 4329 Kemele,
1083 4257 1117 4317 et
1140 4250 1251 4317 Elenae
1274 4248 1371 4316 uxori

322 4371 399 4430 suae,
428 4359 463 4418 et
497 4353 620 4440 Agneti
644 4353 721 4419 filice
745 4375 857 4419 eorum
881 4353 1116 4440 primogenite,
1140 4354 1264 4419 nativis
1297 4354 1400 4418 nos-f·
1414 4359 1463 4406 2³6
1477 4355 1502 4405 b·

321 4457 391 4534 trie,
414 4457 566 4522 omnibus
595 4457 711 4522 diebus
742 4457 822 4522 vitoe
855 4479 1100 4534 communem
1124 4457 1256 4523 domum
1290 4457 1369 4522 oedi-

320 4559 451 4626 ficetcm
474 4583 550 4628 cum
574 4565 645 4626 tote
670 4559 783 4646 pisces
812 4561 912 4628 curiae
934 4561 1100 4646 quondam
1123 4561 1166 4626 ad
1200 4561 1370 4627 rectoriam

321 4665 516 4750 pertinente,
532 4665 679 4751 exeeptis
702 4665 798 4731 domo
814 4670 849 4730 et
863 4664 995 4731 curtillo
1010 4664 1130 4751 Rogeri
1153 4665 1184 4730 le
1201 4665 1371 4752 Ohepman

319 4787 394 4834 cum
417 4769 529 4836 decem
551 4768 635 4835 acris
658 4773 764 4846 terroe,
780 4791 853 4855 quae
877 4767 1015 4834 fuerunt
1037 4770 1181 4834 deterre
1204 4763 1370 4854 quondam

328 4907 666 4916 -μ-ι-.-.-.-,--.-.,-
675 4908 831 4914 --....--......-...
848 4909 857 4913 -
871 4909 889 4914 -.-
904 4909 909 4912 -
921 4909 935 4913 -
946 4909 955 4912 -
987 4907 1101 4914 --·-.--.----
1111 4907 1369 4916 .-m-..—

353 4993 361 5028 ¹
379 5001 423 5046 eut
433 4998 478 5045 aut
495 4992 553 5044 MS.
810 4990 815 5058 Ι
862 4990 872 5024 ²
890 4993 1031 5058 teneamur]
1046 5001 1181 5054 teneamus,
1193 4993 1287 5046 111118.
