3526 5810
506 933 706 982 asorsrnuu
731 931 1052 981 urrrrsssumsusn.
1241 918 1308 984 307

253 1123 407 1190 clamium
430 1121 485 1188 vel
508 1122 645 1209 aliquod
666 1123 851 1188 dominium
875 1123 911 1186 in
926 1123 1085 1212 praedicta
1107 1121 1228 1199 chasia,
1252 1120 1306 1186 vel

253 1228 289 1291 in
312 1225 381 1291 solo
403 1225 571 1312 praedictae
594 1225 724 1304 chaciae,
747 1224 859 1311 aliquo
882 1231 1030 1310 tempore
1056 1224 1151 1290 nobis
1174 1224 1305 1311 exigere

252 1328 306 1394 vel
331 1329 504 1394 vendicare
527 1329 696 1415 possimus.
745 1327 898 1394 Concessi
921 1326 1022 1392 etiam
1046 1327 1168 1394 eisdem
1191 1326 1305 1392 abbati

251 1437 287 1496 et
302 1432 481 1497 conventui
504 1431 593 1516 quod
616 1431 689 1517 ipsi,
706 1431 865 1516 quamdiu
888 1435 978 1496 terra
993 1451 1106 1495 eorum
1130 1451 1163 1494 se
1187 1436 1303 1495 exten-

252 1535 303 1598 dit
337 1535 373 1599 in
405 1533 527 1599 fossato
560 1533 617 1598 illo
652 1535 740 1620 quod
774 1555 808 1598 se
843 1533 996 1598 extendit
1028 1533 1064 1595 in
1097 1531 1305 1617 longitudine
1406 1543 1415 1556 ’

247 1637 349 1720 juxta
371 1641 541 1722 pasturam
564 1637 686 1722 spineti
706 1636 768 1701 mei
795 1635 835 1700 de
860 1634 1015 1710 Yattone,
1036 1634 1162 1699 faciant
1185 1640 1219 1699 et
1242 1635 1304 1698 eri-

251 1747 333 1828 gant
366 1742 526 1806 fossatum
559 1741 643 1805 illud
677 1742 718 1805 dc
750 1741 929 1805 latitudine
964 1745 1037 1804 octo
1071 1739 1202 1824 pedum,
1233 1739 1304 1802 sine

251 1843 370 1929 aliqua·
394 1843 652 1909 contradictione
685 1865 740 1907 seu
773 1843 1005 1907 reclamatione
1028 1841 1093 1906 mei
1127 1839 1182 1905 vel
1211 1840 1304 1904 here-

251 1946 332 2009 dum
355 1966 502 2010 meorum
525 1946 776 2031 imperpetuum.
823 1945 864 2008 In
889 1936 982 2030 cujus
1005 1945 1053 2008 rei
1075 1941 1304 2008 testimonium

251 2047 313 2113 hoc
335 2048 495 2133 scriptum
518 2048 639 2113 eisdem
663 2048 777 2112 abbati
800 2052 835 2113 et
866 2047 1043 2113 conventui
1066 2045 1136 2122 feci,
1162 2052 1197 2108 et
1219 2043 1304 2109 illud

251 2147 360 2236 sigillo
383 2171 455 2214 meo
478 2149 615 2234 signavi.
663 2149 740 2214 Hiis
762 2149 912 2214 testibus.

609 2377 688 2444 Osa.
714 2375 951 2443 ccccxxvi.

275 2527 379 2592 Uerta
401 2527 526 2613 Repeti
549 2528 588 2593 cle
610 2529 773 2594 Evcslume
797 2529 836 2594 dc
859 2537 949 2594 terro
972 2527 1070 2613 opud
1093 2526 1286 2592 Allotlmae.

297 2677 412 2742 Sciant
449 2685 628 2764 praesentes
659 2685 694 2744 et
723 2680 828 2742 futuri
863 2679 952 2762 quod
987 2701 1046 2765 ego
1081 2679 1229 2764 Rogerus
1262 2679 1302 2743 de
1316 2684 1440 2735 Grmtor

252 2777 418 2844 Evesham
452 2780 538 2858 dedi,
571 2783 722 2858 concessi,
754 2784 789 2844 et
823 2781 884 2843 hac
915 2781 1071 2866 praesenti
1104 2785 1195 2844 carta
1229 2753 1459 2885 mealdlllnglon.

251 2880 444 2946 confirmavi
467 2883 503 2945 in
525 2889 718 2968 perpetuam
736 2881 955 2959 elemosinam,
971 2905 1030 2968 pro
1054 2882 1159 2946 salute
1183 2883 1303 2948 animae

251 3005 333 3048 meae
349 2989 383 3047 et
397 2984 583 3048 animarum
598 2989 841 3048 antecessorum
858 3006 1013 3060 meorum,
1026 2984 1096 3048 Deo
1113 2990 1147 3048 et
1159 2985 1302 3050 ecclesia

251 3085 340 3150 beati
373 3084 518 3150 Aldelmi
553 3085 593 3149 de
628 3085 869 3162 Malmesburia,
903 3092 937 3150 et
971 3085 1103 3150 domino
1135 3087 1302 3152 Willelmo

250 3187 372 3263 abbati,
409 3191 443 3250 ct
476 3187 645 3251 monachis
677 3187 800 3251 ibidem
833 3186 904 3251 Deo
939 3187 1168 3264 servientibus,
1197 3195 1302 3253 totam

250 3295 370 3353 terram
404 3310 502 3374 quam
538 3287 641 3353 habui
676 3289 711 3352 in
746 3288 904 3353 Alintone
940 3310 1013 3354 cum
1050 3290 1201 3355 omnibus
1234 3292 1302 3354 suis

247 3392 461 3476 pertinentiis
491 3393 563 3456 sine
598 3391 655 3455 illo
687 3396 931 3469 retenemento;
959 3391 1146 3456 habendam
1185 3399 1220 3457 et
1253 3399 1302 3457 te-

249 3493 393 3558 nendam
424 3495 593 3580 praedictis
624 3493 738 3559 abbati
763 3501 797 3560 et
827 3495 1006 3560 conventui
1029 3498 1199 3559 eteorum
1233 3517 1304 3561 suc·

249 3595 440 3663 sessoribus.
463 3597 503 3661 de
534 3595 732 3682 capitalibus
755 3596 897 3661 dominis
923 3596 1018 3672 feodi,
1047 3596 1123 3680 jure
1155 3596 1302 3662 elemosi-

250 3699 343 3763 nario
359 3699 611 3784 imperpetuum,
628 3699 777 3764 faciendo
797 3699 972 3763 servicium
988 3699 1035 3762 eis
1050 3698 1128 3762 inde
1151 3699 1301 3764 debitum

251 3804 285 3865 et
307 3806 508 3866 consuetum.
556 3799 597 3864 Et
635 3805 672 3865 ut
704 3801 775 3866 haec
806 3800 941 3865 donatio
964 3805 998 3865 et
1032 3803 1195 3866 concessio
1229 3824 1301 3866 mea

251 3905 397 3990 vigorem
436 3903 672 3990 perpetuitatis
705 3904 741 3968 in
776 3925 809 3968 se
842 3903 1023 3980 obtineant,
1058 3901 1143 3968 hanc
1177 3909 1300 3968 cartam

250 4005 373 4071 eisdem
397 4005 509 4070 abbati
534 4010 569 4070 et
592 4006 769 4070 conventui
792 4005 863 4082 feci,
884 4010 915 4070 et
940 4004 1049 4092 sigillo
1067 4026 1139 4070 meo
1162 4005 1301 4090 signavi.

250 4107 328 4171 Hiis
350 4106 498 4172 testibus.

593 4311 673 4378 Otr.
698 4311 956 4380 ccccxxvii.

251 4463 355 4530 carta
385 4461 523 4530 Robertt'
545 4462 585 4529 da
607 4461 774 4532 Haiwode
797 4465 837 4531 de
859 4466 1039 4534 octennis
1061 4473 1157 4532 terrea
1179 4472 1209 4531 et
1231 4486 1303 4532 emo

518 4563 739 4652 ferthendello
761 4567 803 4632 iot
824 4567 1018 4637 Altutlcne.

294 4717 411 4784 Seiani
442 4727 621 4806 Praefflnlfls
644 4728 679 4789 θῢ
712 4723 826 4802 futuri,
850 4727 938 4813 quod
969 4749 1028 4814 ego
1063 4730 1227 4797 Robertus
1262 4733 1301 4798 de
1317 4750 1416 4802 sueto

247 4817 423 4908 Haywode
455 4821 540 4900 dedi,
573 4825 725 4904 concessi,
761 4832 795 4893 et
826 4826 888 4893 hac
922 4831 1076 4914 praesenti
1108 4838 1199 4897 carta
1229 4817 1438 4900 moaabteyof

1100 4937 1169 5000 nt
