3566 5820
511 855 710 906 nsmsrnun
735 855 1059 908 muumaunrnnsn.
1249 845 1311 908 161

659 1126 739 1196 on.
764 1127 910 1219 senor.

259 1279 381 1366 Quieto
396 1279 587 1352 eumcum
610 1280 1006 1452 Johtnpbppednobwetle¹
1024 1281 1121 1371 foetu
1142 1282 1181 1348 de
1196 1281 1312 1349 eodem

804 1407 852 1452 να.

302 1529 417 1596 Sciant
443 1537 621 1617 praesentes
652 1536 687 1597 et
717 1531 831 1612 futuri,
855 1533 944 1617 quod
976 1553 1036 1620 ego
1070 1532 1238 1598 Johannes
1270 1532 1312 1597 de
1325 1549 1414 1602 Orthe

257 1631 447 1700 Onabwelle
477 1634 588 1700 remisi
611 1639 646 1700 et
676 1635 825 1720 quietum
857 1635 1006 1711 clamavi,
1029 1656 1088 1720 pro
1111 1640 1221 1700 meet
1252 1656 1312 1720 pro
1325 1633 1400 1668 ΜΗΘ·

257 1735 433 1800 heredibus
455 1737 537 1801 meis
560 1736 814 1823 imperpetuum,
847 1737 980 1802 domino
996 1735 1162 1803 Witlelmo
1196 1737 1311 1802 abbati

256 1844 291 1902 et
313 1838 493 1904 conventui
527 1838 569 1903 de
592 1839 827 1904 Malmesburia
859 1845 892 1906 et
920 1859 1033 1904 eorum
1064 1839 1310 1917 successoribus,

256 1945 364 2006 totum
375 1941 433 2026 jus
457 1945 490 2006 et
513 1940 674 2018 clamium,
691 1945 846 2008 ettotam
869 1962 1078 2008 communem
1093 1962 1193 2027 quem
1207 1940 1310 2008 habui

257 2042 310 2106 vel
344 2041 465 2107 habere
497 2043 591 2128 potui
622 2043 789 2110 occasione
819 2049 916 2109 terrae
948 2065 1031 2110 meae
1062 2045 1103 2108 de
1128 2042 1240 2120 Foxle,
1272 2049 1309 2122 ‚et

257 2143 359 2208 etiam
381 2147 472 2208 omni
503 2145 569 2210 alia
602 2146 777 2223 occasione,
810 2146 846 2210 in
873 2146 1016 2232 quedam
1044 2144 1151 2230 plania
1180 2166 1309 2231 magnae

257 2247 384 2312 bruorae
403 2269 517 2313 versus
540 2247 731 2334 Corsgrave,
754 2271 829 2335 quae
848 2250 939 2335 jacet
961 2249 1049 2314 inter
1067 2249 1148 2312 duas
1164 2247 1310 2313 culturas
1323 2269 1341 2320 s.
1354 2268 1436 2320 mee.

257 2371 330 2434 quae
354 2355 516 2414 vocantur
539 2351 575 2417 tu
600 2349 782 2438 Kokcshepe
798 2357 832 2416 et
854 2349 1044 2438 Ateyashcpa
1053 2375 1067 2431 ;
1089 2350 1245 2418 videlicet
1267 2351 1311 2415 ab

258 2451 456 2518 occidentali
479 2452 601 2538 angulo
625 2452 664 2518 de
688 2452 725 2517 ta
751 2451 940 2540 Kokeehcpe,
963 2453 1134 2538 usquead
1164 2452 1312 2518 occiden-

257 2553 358 2618 talem
388 2553 548 2640 angulum
584 2554 625 2618 de
647 2553 848 2642 Ateyeehepe,
883 2577 942 2640 per
972 2554 1138 2640 quandam
1169 2556 1310 2620 viridem

258 2657 347 2722 viam
370 2663 404 2722 et
426 2679 485 2743 per
507 2657 673 2742 quendam
696 2657 842 2721 rivulum
866 2658 1118 2744 protendentem
1141 2657 1311 2744 usquead

257 2759 454 2845 praedictum
489 2758 648 2844 angulum
687 2758 727 2823 de
758 2757 948 2847 Alsyeshepe
960 2783 972 2839 ;
1003 2758 1129 2826 scilicet
1166 2761 1201 2824 in
1239 2765 1312 2826 tota

257 2861 316 2928 ille
337 2860 444 2946 plecia
470 2883 545 2946 quae
563 2860 653 2946 jacet
684 2861 720 2924 in
744 2861 896 2926 orientali
918 2866 1013 2947 purte
1046 2862 1213 2947 praedictae
1239 2853 1313 2941 viae,

257 2969 292 3028 ot
313 2963 463 3050 praedicti
493 2962 603 3040 rivuli,
634 2963 722 3028 inter
756 2964 930 3050 praedictas
963 2964 1116 3042 culturas,
1151 2985 1254 3049 usque
1277 2963 1314 3028 lu

257 3064 484 3154 Brodccrofte:
515 3065 701 3147 habendam
725 3071 759 3130 et
781 3065 959 3132 tenendam
992 3071 1097 3132 totam
1120 3067 1312 3151 praedictam

257 3167 397 3254 placiam
414 3168 580 3254 praedictae
603 3167 730 3232 brnerae
753 3169 921 3253 preediotis
936 3169 1050 3236 abbati
1069 3175 1104 3236 et
1124 3171 1312 3248 conventui,

258 3277 293 3336 ct
327 3293 438 3336 corum
461 3271 708 3347 successoribus,
740 3270 877 3336 liberem
912 3277 947 3336 ot
978 3270 1143 3356 quietam3
1174 3277 1209 3337 et
1240 3293 1312 3337 eam

258 3373 382 3438 fossato
405 3372 667 3458 circumquaque,
691 3372 719 3436 si
749 3372 925 3450 voluerint,
948 3371 1129 3449 includant,
1152 3373 1223 3452 sine
1253 3375 1313 3438 eli-

258 3497 325 3561 qua
346 3475 613 3552 contradictione,
633 3475 811 3541 vexatione
833 3473 888 3540 vel
911 3475 1144 3540 reclamatione
1163 3476 1238 3552 mei,
1259 3476 1313 3540 vel

257 3577 415 3644 heredum
438 3600 497 3643 seu
519 3577 762 3664 assignatorum
785 3598 934 3641 meorum
955 3577 1208 3662 imperpetuum.
1258 3577 1312 3643 Ita

257 3681 346 3764 quod
369 3701 429 3746 neo
450 3701 510 3765 ego
543 3701 604 3744 nec
635 3679 755 3764 aliquis
787 3679 947 3744 heredum
979 3701 1037 3744 seu
1070 3679 1311 3765 assignatorum

257 3803 403 3846 meorum
426 3779 553 3866 aliquid
572 3781 658 3866 juris
689 3780 742 3844 vel
766 3780 876 3846 clamii
898 3781 969 3845 eive
999 3779 1144 3865 aliquam
1167 3803 1312 3846 commu-

257 3904 344 3960 nem,
368 3885 403 3947 in
425 3884 584 3970 praedicta
614 3883 722 3968 placia
744 3883 910 3968 praedictae
944 3883 1080 3960 bruerae,
1103 3882 1197 3948 nobis
1232 3907 1312 3948 ven·
1425 3949 1432 3959 ,

259 3985 366 4050 dicere
388 3987 551 4070 possimus
573 3985 826 4070 imperpetuum.

304 4085 348 4150 Et
370 4086 405 4148 in
428 4084 658 4174 testimonium
690 4084 790 4169 hujus
823 4084 1022 4150 remissionis
1045 4090 1080 4148 et
1102 4085 1223 4169 quietae
1246 4085 1312 4150 cla-
1374 4167 1377 4170 Ι

258 4187 393 4252 mantiae
416 4209 506 4265 meae,
530 4186 593 4252 hoc
614 4185 773 4273 scriptum
790 4187 912 4252 eisdem
934 4186 1049 4254 abbati
1076 4192 1111 4252 et
1133 4189 1312 4254 conventui

256 4289 329 4366 feci,
353 4294 387 4354 et
409 4287 518 4375 sigillo
541 4310 614 4354 meo
637 4289 775 4374 signavi.

1166 4455 1305 4462 -..·..-—--u.

293 4539 357 4590 ¹Sic
370 4541 395 4588 in
408 4540 465 4592 MS.
497 4541 627 4606 Probably
641 4555 673 4590 an
692 4555 761 4590 error
806 4541 873 4590 form
885 4540 1018 4602 Quebwell
1029 4539 1051 4590 is
1063 4539 1115 4590 still
1126 4543 1246 4592 attached
1261 4549 1315 4592 toa

256 4619 298 4668 for
305 4619 457 4680 Cuabwelle,
465 4621 496 4670 os
504 4620 587 4670 which
598 4623 641 4672 the
653 4623 758 4671 medem
807 4620 872 4671 sarm
883 4635 945 4671 near
956 4621 1184 4685 Brokenborough.

347 4861 371 4912 N
383 4867 423 4914 80.
1158 4881 1179 4928 1,
