3566 5820
534 891 732 945 nnemuauu'
755 895 1075 976 sisenessumsuss.
1266 877 1328 944 135

279 1081 388 1167 aliquo
404 1081 501 1147 modo
516 1081 768 1168 pertinentibus,
785 1081 881 1146 dictis
905 1081 1018 1146 abbati
1039 1084 1073 1144 et
1096 1079 1283 1168 conventui,
1298 1084 1332 1142 et

279 1169 399 1249 eorum
424 1183 669 1258 suecessoribus,
705 1190 820 1248 contra
851 1205 962 1248 omnes
994 1181 1147 1247 mortales
1171 1183 1332 1267 imperpe-

279 1290 374 1349 tuum
389 1286 686 1361 warantizabimus,
702 1291 736 1350 et
758 1287 798 1350 de
822 1285 923 1372 regali
946 1285 1092 1360 servicio,
1113 1285 1209 1350 sectis
1232 1284 1331 1350 curiae

279 1391 312 1450 et
334 1386 589 1465 hundredorum,
614 1387 704 1451 etde
727 1387 879 1452 omnibus
901 1385 1013 1471 geldis
1030 1384 1330 1461 consuetudinibus

279 1488 424 1554 serviciis
448 1495 482 1554 et
505 1489 675 1553 domandis
698 1487 959 1572 acquietabimus
982 1493 1017 1551 et
1039 1485 1257 1551 defendemus.

323 1589 367 1654 Et
390 1595 429 1654 ιιι
450 1589 521 1656 haee
544 1612 617 1654 mea
641 1590 776 1654 donatio
799 1595 833 1654 et
856 1589 1018 1656 concessio
1042 1588 1140 1654 robur
1163 1587 1329 1673 perpetui-

279 1692 358 1756 tatis
381 1692 563 1778 optineant,
580 1691 666 1758 hanc
688 1698 811 1758 cartam
836 1692 958 1757 eisdem
981 1691 1053 1768 feci,
1069 1697 1103 1755 et
1126 1689 1234 1776 sigillo
1257 1711 1329 1754 meo

278 1793 418 1880 signavi.

635 1996 716 2061 CAP.
740 1995 954 2060 OOLXVIII.

281 2135 383 2200 (Iacto
406 2135 554 2218 ejeosdem
577 2133 617 2199 ete
640 2133 789 2219 quodem
813 2140 995 2200 tenemento
1017 2133 1060 2198 in
1088 2132 1327 2200 Tadeotntonc.

324 2273 439 2338 Sciant
470 2279 648 2360 praesentes
672 2277 706 2337 et
740 2273 844 2336 futuri
880 2273 967 2356 quod
1001 2295 1060 2358 ego
1096 2273 1264 2338 Johannes
1288 2275 1328 2338 de
1343 2287 1432 2340 ofthe

280 2377 425 2442 Gemino
449 2377 490 2440 de
512 2375 737 2440 Tudeuintone
760 2375 845 2450 dedi,
860 2376 1011 2452 comessi,
1035 2381 1069 2440 et
1091 2375 1153 2442 hac
1176 2378 1329 2460 pnesenti
1343 2371 1421 2404 same.

279 2485 372 2545 carta
395 2499 468 2544 mea
490 2479 691 2554 confirmavi,
717 2478 788 2542 Deo
811 2483 845 2542 et
876 2476 1019 2542 eeclesiis
1043 2477 1138 2543 Beati
1162 2479 1329 2544 Aldhehni
1344 2493 1361 2540 f.
1374 2491 1454 2542 emo.

281 2581 322 2644 de
357 2579 601 2656 Mahnesbm'ia,
624 2584 658 2644 et
691 2579 803 2644 abbati
837 2583 872 2643 ot
903 2579 1071 2644 monachis
1103 2579 1226 2644 ibidem
1260 2581 1330 2646 Deo

280 2683 506 2758 servientibus,
530 2684 565 2746 in
588 2683 735 2760 liberam,
759 2703 875 2767 puram
899 2688 933 2746 et
956 2688 1148 2768 perpetuam
1184 2683 1330 2749 elemosi-

281 2807 367 2861 nam,
389 2791 497 2849 totum
530 2783 612 2848 illud
636 2790 861 2848 tenementum
884 2807 958 2848 cum
982 2785 1133 2848 omnibus
1165 2786 1331 2870 pertinen-

282 2889 338 2950 tiis
361 2888 440 2963 suis,
463 2887 550 2970 quod
574 2885 676 2949 habui
712 2886 747 2949 in
778 2883 859 2949 villa
891 2885 931 2949 de
966 2885 1197 2952 Tudeu'ntone.
1245 2885 1331 2952 Dedi

279 2990 378 3054 etiam
414 2996 448 3052 ιι
478 2989 621 3053 concessi
644 2988 766 3052 eisdem
797 2989 963 3052 redditum
987 2989 1084 3053 unius
1115 2987 1210 3065 oboli,
1234 3009 1332 3073 quem

282 3090 414 3175 quidem
458 3089 591 3155 obolum
634 3090 674 3153 de
718 3089 851 3154 domina
897 3089 1039 3155 Matilda
1081 3089 1332 3157 Deschidemore

280 3193 453 3256 annuatim
476 3191 641 3278 percipere
665 3191 840 3255 consuevi:
872 3190 1060 3254 habendum
1084 3196 1118 3254 et
1152 3191 1332 3256 tenendum

281 3298 390 3356 totum
422 3291 619 3378 praedietum
654 3296 890 3366 tenementum,
925 3313 999 3356 eum
1038 3297 1135 3368 terra,
1171 3292 1331 3368 domibus,

156 3475 161 3482 .
280 3393 482 3479 curtillagiis
517 3392 639 3468 crestio,
673 3393 786 3478 puetis,
821 3391 974 3478 paschuis
1005 3398 1039 3456 et
1072 3393 1222 3478 pasturis,
1257 3415 1331 3459 cum

281 3515 456 3560 commune
489 3494 528 3558 in·
547 3493 672 3579 eampis
695 3494 736 3559 de
770 3493 1003 3571 Tuderintone,
1027 3498 1061 3559 et
1090 3517 1164 3560 cum
1199 3495 1332 3560 redditu

281 3596 431 3682 praedicti
455 3595 551 3672 oboli,
574 3617 649 3661 cum
684 3595 836 3660 omnibus
871 3595 1039 3672 eschaetis,
1062 3619 1136 3681 quse
1170 3596 1252 3661 mihi
1275 3619 1333 3682 per

282 3700 476 3786 pnedictum
499 3697 668 3763 redditum
691 3704 826 3783 possent
848 3697 1003 3774 accidere,
1027 3703 1061 3762 ιι
1084 3698 1235 3763 omnibus
1258 3698 1332 3764 aliis

281 3801 386 3877 rebus,
409 3799 629 3876 libertatibus,
653 3804 687 3864 et
709 3799 823 3864 liberis
846 3798 1150 3876 consuetudinibus,
1174 3799 1217 3864 ad
1247 3821 1332 3885 prae·

281 3903 407 3969 dictum
438 3906 666 3968 tenementum
696 3899 831 3986 aliquo1
871 3901 1124 3986 pertinentibus,
1164 3901 1334 3986 pnndiotis

243 3993 246 3996 ¹
281 4004 395 4069 abbati
422 4009 457 4068 et
473 4003 653 4070 conventui
668 4008 703 4066 ιι
718 4024 829 4068 eorum
853 4003 1090 4068 suecessoribus
1107 4003 1177 4068 sine
1192 4003 1260 4068 ullo
1284 4025 1334 4068 re·

281 4111 471 4171 tenemento
487 4105 737 4191 impemetuum.
777 4104 847 4190 Ego
864 4126 941 4186 uero
956 4104 979 4168 J
980 4104 1125 4170 ohannes
1148 4110 1182 4170 et
1197 4105 1334 4171 heredes

282 4207 347 4270 mei
371 4212 479 4272 totum
495 4207 691 4292 predictum
715 4211 949 4282 tenementum,
966 4227 1040 4272 eum
1063 4211 1151 4271 terra
1167 4207 1334 4292 praedicta,

282 4316 317 4374 et
338 4309 471 4374 redditu
495 4308 583 4374 oboli
606 4308 765 4392 praedieti‚
790 4313 824 4372 ιι
846 4309 1000 4372 onmibus
1023 4308 1097 4372 aliis
1120 4310 1331 4394 peltinentiis

282 4413 359 4490 suis,
374 4414 461 4477 sicut
483 4412 679 4496 praediotum
703 4417 762 4488 est,
778 4411 945 4497 praedictis
961 4412 1074 4476 abbati
1098 4418 1132 4475 ιι
1155 4411 1334 4476 conventui

282 4519 452 4578 eteorum
484 4513 723 4580 successoribus
755 4527 869 4578 eontra
892 4534 1003 4577 omues
1037 4513 1192 4578 moitales
1214 4513 1334 4599 imper-

279 4621 420 4702 petuum
443 4617 745 4694 warantizabimus,
770 4615 1031 4702 acquietabimus
1054 4622 1088 4682 et
1111 4617 1335 4682 defendemus

288 4757 312 4763 ι..
320 4755 681 4764 --ῄ--υ-ι-ῡ--ψηψ
689 4755 990 4763 ..ὑπ-...ψ
1003 4758 1013 4762 -
1031 4757 1074 4762 m...
1088 4757 1095 4762 .
1105 4757 1136 4763 --
1145 4758 1161 4762 --
1168 4755 1336 4766 *um-..-

774 4817 781 4850 ¹
801 4816 850 4871 Sic.
