3566 5820
599 937 797 988 aamercort
820 936 1142 988 umnasauruausu.
1327 925 1391 989 205

347 1123 393 1191 sic
419 1147 517 1212 super
539 1131 662 1192 terram
686 1127 918 1213 praedictorum
945 1125 1121 1212 Reginaldi
1143 1124 1174 1190 16
1196 1124 1338 1191 Ρ6111161
1360 1130 1395 1190 61

346 1226 505 1292 Willelmi
535 1229 717 1317 Godwyne,
752 1234 787 1295 et
818 1229 864 1295 sio
901 1227 1106 1295 ascendendo
1140 1250 1238 1314 super
1269 1234 1391 1292 terram

345 1330 551 1419 Wymarkye
575 1330 708 1419 SoppcS,
731 1335 765 1397 et
790 1331 836 1398 616
865 1353 925 1417 per
947 1329 1112 1417 quendam
1136 1330 1266 1416 heyam,
1290 1331 1395 1395 etsie

345 1433 466 1500 directe
489 1436 526 1499 in
547 1435 646 1522 longo
668 1435 757 1501 ultra
772 1455 925 1521 campum
947 1455 1051 1520 usque
1068 1431 1269 1519 Brodeweye
1292 1433 1395 1498 etsie

344 1558 448 1624 usque
470 1536 704 1616 Wateresdieh,
727 1542 762 1603 et
783 1538 831 1604 sio
852 1538 895 1604 ad
925 1542 1022 1626 prata
1044 1556 1111 1602 sua.
1167 1535 1212 1601 Et
1238 1557 1276 1600 eo
1306 1555 1393 1601 anno

345 1661 410 1727 quo
432 1640 596 1729 contingit
618 1640 744 1707 dictum
768 1639 959 1718 Henricum,
976 1639 1030 1705 vel
1051 1638 1188 1704 heredes
1211 1659 1295 1716 suos,
1318 1639 1394 1704 sena

345 1765 404 1809 sua
426 1745 548 1810 uariare
570 1765 629 1832 per
650 1763 802 1831 campum
825 1743 1028 1830 praedictum,
1049 1742 1149 1808 iidem
1173 1741 1336 1807 Henricus
1360 1747 1394 1806 et

343 1845 478 1912 heredes
508 1845 560 1910 sui
582 1845 778 1933 preadictum
810 1844 969 1911 fossatum
999 1845 1043 1910 ad
1064 1845 1239 1909 introitum
1270 1842 1392 1909 haben-

344 1949 424 2014 dum
446 1947 570 2015 facient
599 1953 804 2035 prosternere
835 1953 870 2013 et
892 1948 1015 2013 ibidem
1044 1951 1173 2035 portam
1197 1950 1392 2024 construere,

344 2057 378 2116 et
400 2073 472 2118 eam
494 2051 538 2118 ad
560 2052 680 2117 festum
704 2051 926 2116 Exeltetionis
950 2050 1079 2116 Sanctae
1096 2049 1210 2116 Crucis
1232 2071 1391 2128 amovere,

344 2153 526 2240 deindeque
548 2153 742 2241 praedictum
760 2154 919 2219 fossatum
942 2155 1127 2240 sumptibus
1150 2155 1217 2218 suis
1239 2153 1392 2234 relevare,

344 2258 393 2323 ita
422 2258 511 2345 qnod
541 2257 691 2345 praedicti
725 2257 873 2324 homines
904 2257 944 2322 de
977 2257 1118 2322 Suttone
1150 2258 1293 2343 dampna
1325 2279 1393 2322 non

343 2359 470 2446 possint
492 2359 655 2428 incurrere
671 2361 836 2426 occasione
859 2359 1010 2446 praedicti
1032 2359 1146 2426 fossati
1168 2361 1265 2426 modo
1281 2360 1392 2426 debito

343 2485 411 2529 non
433 2462 578 2530 relevati.
637 2463 733 2545 Quod
767 2463 795 2527 si
827 2463 970 2549 dampna
1000 2463 1198 2528 incurrerint
1228 2485 1287 2549 pro
1310 2485 1392 2550 pres·

343 2567 432 2634 dicto
454 2565 576 2632 fossato
598 2565 696 2632 modo
717 2565 828 2632 debito
854 2587 922 2631 non
947 2565 1100 2643 relevato,
1124 2566 1282 2632 concessit
1305 2567 1392 2632 idem

344 2669 508 2736 Henricus
531 2690 590 2756 pro
614 2689 648 2734 66
671 2673 705 2734 61
726 2667 903 2734 heredibus
929 2669 997 2733 suis
1020 2690 1118 2755 super
1140 2668 1291 2755 dampnis
1318 2691 1392 2756 quae

341 2771 549 2851 incurrerint,
570 2771 685 2859 plenas
707 2773 812 2850 166616
834 2771 996 2844 emendos.
1041 2771 1086 2836 Et
1107 2771 1136 2837 si
1158 2775 1304 2860 temporo
1326 2796 1392 2860 quo

345 2875 453 2942 dietus
475 2875 640 2942 Henricus
662 2874 717 2940 vel
738 2873 873 2940 heredes
904 2873 955 2939 sui
977 2875 1053 2940 lena
1083 2897 1143 2942 sua
1165 2877 1286 2943 uariare
1309 2877 1393 2960 feee-¹

344 2979 481 3058 rihtet
511 2977 658 3044 chaciam
689 2997 783 3042 suam
817 2976 995 3042 habuerint
1028 2999 1087 3064 per
1116 2979 1275 3045 fossatum
1308 3003 1391 3067 pree-

345 3079 479 3158 dictum,
502 3081 614 3147 averia
639 3078 812 3145 hominum
843 3080 883 3145 de
907 3079 1048 3146 Suttone
1071 3103 1129 3167 per
1150 3088 1279 3168 portam
1310 3107 1393 3172 pree-

347 3185 470 3251 dictam
485 3204 554 3249 non
576 3183 728 3261 clansam,
744 3182 879 3249 bladum
902 3182 983 3250 dicti
999 3183 1136 3251 Henrici
1159 3185 1212 3251 vel
1235 3186 1392 3253 heredum

344 3307 488 3363 suorum,
510 3307 569 3352 seu
598 3285 770 3351 hominum
801 3307 933 3352 suorum
961 3285 1001 3352 de
1024 3285 1196 3373 Dreyeote,
1220 3290 1256 3353 in
1278 3312 1393 3378 campo
1439 3335 1440 3340 κ

346 3389 403 3475 qui
435 3387 516 3474 Oley
538 3392 684 3466 vocatur,
715 3387 915 3454 intraverint
942 3393 976 3454 61
1007 3389 1151 3477 dampna
1183 3391 1324 3459 fecerint
1356 3396 1392 3460 in

344 3493 441 3558 blado
479 3491 645 3578 praedicto,
675 3491 834 3557 concessit
873 3492 960 3557 idern
996 3488 1158 3559 Henricus
1197 3517 1255 3581 pro
1289 3519 1324 3562 se
1358 3502 1392 3564 et

344 3592 518 3659 heredibus
548 3593 617 3659 suis
640 3593 727 3679 quod
749 3593 831 3660 dicti
861 3593 1009 3660 homines
1036 3595 1077 3660 de
1109 3595 1250 3663 Suttoue
1282 3621 1320 3665 ea
1352 3601 1392 3666 de

345 3718 442 3763 causa
475 3717 542 3761 non
577 3696 798 3774 invadientuu
820 3717 881 3762 nec
912 3696 1040 3782 aliquas
1071 3697 1196 3766 faciant
1229 3702 1391 3769 emendas.

347 3798 515 3866 Concessit
540 3798 641 3864 etiam
666 3798 773 3865 dictus
804 3796 968 3865 Henricus
998 3821 1058 3887 pro
1088 3823 1123 3866 se
1153 3808 1188 3868 et
1217 3803 1391 3872 heredibus

343 3902 411 3968 suis
442 3902 532 3988 quod
565 3902 623 3967 ills
656 3902 712 3968 via
745 3923 819 3988 quae
853 3909 904 3968 est
934 3902 1024 3968 ultra
1057 3912 1189 3992 pratum
1224 3931 1319 3974 suum
1352 3908 1491 3976 def-239·

345 4005 495 4083 Suttohe,
530 4027 605 4091 quae
638 4027 672 4072 sc
707 4005 817 4072 tendit
854 4007 897 4071 ad
931 4007 1156 4074 molendinum
1194 4012 1234 4078 de
1267 4015 1391 4093 Arene,

343 4109 514 4175 contineat
543 4109 580 4172 in
610 4130 645 4174 se
672 4113 797 4195 septem
827 4109 926 4196 pedes
956 4111 993 4174 in
1022 4111 1208 4184 latitudine.
1269 4117 1391 4184 Conce-

344 4213 429 4277 dunt
459 4210 562 4277 etiam
595 4211 677 4277 dicti
711 4211 813 4276 abbas
844 4216 878 4277 et
909 4220 1099 4294 conventus,
1123 4217 1212 4283 dioto
1247 4218 1391 4288 Henrieo

344 4315 575 4391 6611661116116,
607 4314 694 4399 quod
725 4313 884 4400 scriptum
917 4315 1005 4380 11161
1034 4318 1138 4384 dictos
1170 4320 1322 4388 abbatem
1357 4329 1392 4390 61

344 4421 555 4494 conventum,
580 4420 615 4481 et
647 4414 837 4503 Philippum
870 4417 910 4482 de
942 4417 1055 4498 Cerne,
1086 4423 1177 4507 prius
1208 4425 1391 4492 confectum

344 4541 441 4606 super
463 4518 577 4585 6116616
606 4524 640 4584 61
665 4518 822 4598 chemino
846 4526 944 4606 prout
975 4527 1069 4608 petet
1102 4524 1138 4588 in
1169 4525 1227 4592 illo
1261 4531 1389 4617 scripto,
1436 4599 1440 4605 ,

343 4621 500 4710 praesenti
522 4621 644 4707 scripto
666 4641 734 4686 non
755 4623 964 4710 impediente,
987 4646 1114 4712 semper
1136 4627 1173 4692 in
1195 4652 1254 4697 suo
1277 4635 1391 4700 robore

344 4729 535 4813 permaneat
557 4725 761 4790 duraturum.
818 4723 861 4790 In
882 4727 976 4812 cujus
1002 4728 1050 4794 161
1072 4731 1299 4800 testimonium
1329 4737 1391 4803 hoo

344 4830 503 4916 scriptum
518 4828 562 4893 ad
576 4827 710 4892 modum
725 4827 910 4915 cirographi
934 4834 985 4895 661
1006 4833 1199 4915 confectum,
1215 4843 1250 4902 et
1273 4838 1391 4926 sigillis

346 4931 491 5019 partium
514 4929 702 4996 alternatim
726 4931 879 5018 appensis
901 4932 1097 5002 roboratum.
