3526 5810
462 824 526 888 242
709 836 906 886 nrorsreuu
929 833 1254 886 manummerias.

460 1042 558 1108 super
579 1041 752 1088 oommuna
774 1042 874 1108 quam
896 1021 997 1087 iidem
1012 1023 1114 1087 abbas
1136 1028 1172 1088 et
1193 1021 1374 1088 conventus
1400 1017 1512 1103 exige·

460 1124 543 1189 bant
571 1123 607 1188 in
637 1124 734 1189 terris
755 1128 790 1189 et
816 1124 921 1210 pratis
952 1123 1103 1210 praedieti
1134 1122 1259 1190 domini
1281 1120 1445 1186 Joharmis
1467 1140 1511 1184 ex

460 1234 600 1314 utraque
631 1233 725 1314 purte
756 1247 850 1312 oquae
884 1248 959 1313 quse
989 1227 1106 1292 Avene
1139 1225 1345 1313 appellatum
1376 1245 1443 1309 pax
1474 1221 1512 1284 in

460 1330 549 1396 hune
585 1331 718 1395 modum
760 1329 958 1416 conquievit
1026 1328 1197 1407 videlieet,
1234 1328 1323 1414 quod
1359 1323 1511 1412 praedicti

460 1432 562 1498 abbae
585 1437 619 1498 et
641 1439 823 1498 eonventus
844 1432 1041 1498 remiserunt
1055 1437 1091 1497 et
1113 1432 1262 1518 quietum
1284 1429 1512 1496 clamaverunt

460 1557 520 1622 pro
543 1558 577 1601 aa
599 1541 635 1600 et
666 1536 904 1601 suecessoribus
926 1535 1002 1614 suis,
1035 1540 1070 1600 et
1101 1534 1202 1600 etiam
1232 1554 1292 1620 pro
1322 1530 1512 1597 hominibus

460 1661 574 1704 eorum
596 1638 637 1704 de
659 1638 858 1705 Rodbomne
888 1639 1141 1726 imperpetuum,
1163 1642 1269 1703 totam
1302 1653 1509 1702 eommunam

460 1761 560 1826 quam
597 1739 786 1806 habuerunt
818 1740 873 1806 vel
906 1740 1027 1806 habere
1064 1743 1245 1826 potuenmt
1277 1738 1314 1802 in
1347 1735 1443 1802 terrie
1475 1738 1512 1800 et

459 1843 564 1929 pratis
586 1841 736 1930 praedicti
758 1842 931 1922 Johannis,
954 1843 991 1907 in
1012 1842 1150 1909 australi
1166 1846 1266 1928 parte
1297 1861 1394 1928 equae
1426 1859 1510 1924 prae·

460 1945 566 2022 dietae,
600 1950 635 2012 et
672 1945 773 2012 etiam
810 1950 917 2012 totam
953 1965 1161 2012 communem
1198 1945 1235 2009 in
1270 1947 1366 2030 prato
1398 1959 1510 2007 eorum

465 2046 640 2135 Kyngmed
672 2047 847 2135 appellato,
869 2048 907 2112 in
939 2047 1055 2114 boriali
1082 2053 1176 2135 perte
1207 2067 1303 2133 aquae
1333 2045 1510 2133 praedicta,

460 2156 535 2236 post
568 2150 680 2216 fenum
711 2151 789 2216 inde
821 2151 991 2216 eeriatum.
1052 2149 1098 2216 Et
1130 2150 1308 2236 praedictus
1337 2146 1508 2213 Johannes

460 2253 588 2318 remisit
602 2259 637 2318 et
659 2253 811 2340 quietum
825 2253 983 2320 clamavit
1006 2273 1066 2340 pro
1088 2275 1123 2318 se
1145 2257 1181 2318 et
1202 2250 1378 2318 heredibus
1401 2255 1435 2316 et
1456 2271 1509 2316 as-

460 2356 598 2442 signatis
621 2357 697 2434 suis,
721 2361 756 2422 et
778 2357 880 2423 etiam
908 2379 969 2443 pro
991 2356 1144 2422 omnibus
1165 2355 1354 2422 hominibus
1376 2355 1445 2419 suis
1467 2353 1509 2418 de

460 2456 649 2523 Semel-ford
671 2459 729 2544 qui
759 2459 888 2524 servilis
920 2464 1000 2525 sunt
1026 2459 1226 2526 conditionis
1256 2459 1509 2546 imperpetuum,

458 2565 565 2626 totam
585 2582 794 2628 communem
828 2583 928 2648 quam
950 2563 1077 2641 habuit,
1100 2562 1154 2629 vel
1187 2562 1299 2649 aliquo
1320 2562 1417 2627 modo
1449 2560 1510 2626 ha-

458 2663 534 2728 bere
560 2664 679 2750 potuit,
703 2665 740 2730 in
762 2665 858 2730 terris
882 2669 916 2730 et
938 2666 1043 2752 pratis
1065 2666 1299 2752 praedictorum
1320 2663 1451 2730 abbatis
1473 2669 1510 2728 et

457 2773 647 2848 eumenum,
671 2773 707 2832 et
728 2768 829 2833 etiam
858 2767 1030 2834 hominum
1062 2790 1196 2835 suorum
1228 2767 1268 2833 de
1300 2766 1508 2844 Rodboume,

457 2868 494 2932 in
515 2869 653 2934 australi
675 2874 768 2955 perte
794 2890 889 2955 aquae
920 2870 1094 2956 praedietae.
1141 2871 1186 2935 Et
1207 2875 1248 2935 ut
1281 2871 1346 2934 ista
1378 2889 1508 2954 compo·

457 2971 534 3036 sitio
556 2971 696 3040 firmiter
721 2973 922 3050 observetur,
944 2971 1095 3059 praedicti
1126 2973 1229 3040 abbas
1251 2977 1287 3038 et
1317 2976 1507 3049 conventus,

456 3082 491 3141 et
513 3079 691 3163 pradictus
713 3077 865 3143 dominus
887 3077 1057 3144 «lohannes
1083 3077 1235 3156 Meudut,
1256 3077 1319 3143 hoo
1348 3077 1507 3163 seriptum

457 3179 544 3244 inter
573 3201 628 3246 eos
659 3179 731 3245 fieri
762 3179 913 3246 fecerunt
941 3179 1147 3267 bipertitum,
1179 3184 1214 3246 et
1244 3178 1361 3266 sigillis
1395 3200 1505 3244 eorum

456 3279 646 3346 alternatim
668 3282 822 3368 appensis
844 3281 1044 3347 munierunt.
1092 3282 1169 3346 Hiis
1190 3281 1340 3359 testibus,
1367 3281 1506 3346 dominis

456 3383 598 3449 Ricardo
624 3385 665 3449 de
689 3382 882 3463 Coleshulle,
906 3384 1049 3450 Ricardo
1073 3383 1193 3463 Oetele,
1217 3384 1256 3449 G.
1288 3385 1330 3450 de
1352 3383 1505 3450 Wrokes-

456 3486 539 3564 hale,
562 3485 689 3552 Thema
711 3487 751 3551 de
781 3486 815 3553 la
837 3486 936 3565 Mare,
960 3487 1105 3552 Henrieo
1136 3487 1176 3551 de
1200 3485 1313 3564 Cerne,
1336 3485 1505 3564 militibus,

456 3590 565 3655 Adam
587 3591 628 3656 de
651 3591 786 3676 Illeghe,
810 3591 938 3678 Rogero
962 3591 1003 3655 de
1034 3590 1207 3669 Evesham,
1230 3590 1357 3657 Thema
1387 3590 1505 3676 Tyeys,

455 3691 602 3758 Woltero
625 3693 775 3772 Maudut,
799 3693 965 3759 Willelmo
988 3694 1029 3759 de
1053 3692 1271 3772 Lusteshulle,
1294 3694 1439 3760 Henrioo
1468 3693 1500 3758 le
1546 3715 1550 3722 ·

455 3792 551 3879 Seay,
573 3798 608 3859 et
630 3794 744 3859 multis
767 3793 849 3860 aliis.
893 3793 1021 3861 Datum
1042 3795 1132 3887 apud
1155 3794 1429 3872 Mnlmesburiem,
1452 3795 1506 3860 die

455 3895 680 3962 decollationis
714 3897 811 3963 Beati
844 3896 1008 3966 Johannis
1040 3898 1210 3985 Baptistae,
1248 3920 1336 3964 anno
1369 3897 1505 3965 Domini

455 4015 533 4064 uco.
556 4000 754 4087 octogesimo
776 4001 891 4088 prime.

851 4325 932 4394 Oro.
955 4323 1149 4393 OOOLXII.

511 4474 615 4542 Oualo
638 4471 773 4540 Roberli
795 4471 932 4540 Sterrme'
948 4473 1045 4561 faeta
1067 4473 1182 4541 obtuli
1205 4481 1234 4541 et
1258 4477 1446 4543 couventui

285 4633 425 4700 Examge
499 4623 615 4692 Sciant
637 4627 815 4709 praesentes
838 4628 873 4688 et
894 4623 1002 4688 futuri
1025 4625 1114 4711 quod
1136 4645 1197 4710 ego
1220 4624 1385 4690 Robertus
1408 4625 1502 4692 Stur-

284 4699 314 4749 ol
323 4691 384 4751 lani
394 4709 421 4752 at

285 4767 407 4818 Cherlton

453 4749 511 4814 my
549 4729 590 4794 de
628 4727 728 4815 Segre
761 4726 848 4805 dedi,
870 4726 1023 4806 oonoesei,
1053 4731 1089 4793 et
1122 4725 1185 4794 hae
1221 4729 1378 4814 praesenti
1411 4735 1504 4795 carta
