3578 5808
531 885 731 957 nacisrnuu
754 905 1081 959 uanunsaunrnnsa.
1294 890 1336 959 87

277 1091 357 1152 runt
378 1085 461 1152 mihi
486 1089 634 1174 praedicti
661 1090 763 1157 abbas
786 1097 820 1156 et
842 1097 1025 1158 conventus
1047 1097 1190 1178 quatuor
1211 1109 1337 1159 marcas

279 1189 416 1276 argenti.
464 1189 509 1254 Et
531 1196 571 1254 ut
593 1191 665 1258 hreo
687 1215 761 1258 meo
783 1193 1000 1273 confirmatio,
1015 1194 1182 1262 concessio
1205 1200 1240 1260 et
1262 1209 1348 1258 wau'

277 1290 453 1356 rantizatio
477 1292 578 1358 robur
600 1295 832 1380 perpetuitatis
865 1296 1048 1382 optineant,
1080 1295 1143 1362 hoc
1173 1296 1333 1381 scriptum

277 1393 400 1458 eisdem
422 1392 485 1460 feci
508 1398 543 1459 et
565 1394 674 1482 sigillo
697 1418 770 1461 meo
793 1397 932 1483 signavi.
978 1397 1056 1463 Hiis
1079 1395 1229 1475 testibus,
1252 1403 1310 1464 etc.

644 1649 723 1716 Car.
748 1644 966 1716 ccxxvrn.

280 1799 383 1868 Oorto
414 1799 550 1867 Robora
574 1799 653 1886 filii
682 1801 840 1868 Willelmi
864 1799 1044 1870 Seneecclli
1069 1799 1109 1867 de
1133 1800 1269 1867 Oolercc
1292 1797 1331 1868 de
1344 1819 1363 1870 f.
1376 1823 1434 1874 207.

296 1910 478 1970 teceownto
501 1903 591 1990 qnod
614 1903 725 1971 tepuit
748 1905 788 1970 de
811 1905 953 1970 clornino
978 1905 1013 1972 G.
1038 1903 1078 1969 da
1106 1903 1314 1970 Wrolresholc.

323 2057 437 2124 Sciant
464 2065 641 2145 praesentes
670 2066 704 2125 et
725 2059 830 2124 futuri
854 2060 943 2145 quod
965 2081 1025 2146 ego
1048 2059 1212 2125 Robertus
1242 2058 1330 2124 filius
1344 2073 1467 2127 Grantof

277 2158 434 2224 Willelmi
458 2160 488 2224 le
512 2161 687 2228 Seneschal
711 2161 751 2226 de
775 2160 913 2227 Colerne
940 2161 1025 2238 dedi,
1048 2160 1190 2227 concessi
1213 2166 1247 2226 et
1269 2147 1489 2271 hecssfflffit

276 2263 430 2346 praesenti
462 2269 554 2329 carta
584 2285 658 2330 mea
689 2261 889 2340 confirmavi,
914 2263 984 2329 Deo
1014 2269 1048 2328 ct
1077 2263 1218 2329 ecclesiae
1241 2262 1331 2328 beati
1343 2275 1366 2324 le
1379 2274 1472 2328 Senes.

276 2363 443 2429 Aldhelmi
476 2365 515 2430 de
551 2365 793 2444 Malmesburia,
824 2372 858 2430 et
884 2365 998 2431 abbati
1020 2371 1055 2430 et
1077 2364 1245 2431 monachis
1268 2364 1330 2428 ibi·
1344 2341 1409 2391 Μ

276 2465 350 2530 dem
373 2466 444 2530 Deo
467 2467 694 2544 servientibus,
714 2468 750 2531 in
772 2467 917 2544 liberam,
941 2489 1058 2554 puram
1081 2472 1116 2531 et
1138 2472 1331 2553 perpetuam

276 2565 494 2644 elemosinam,
526 2555 633 2634 totuin
669 2575 903 2646 tenementum,
929 2569 1016 2655 quod
1050 2570 1144 2634 tenui
1179 2569 1219 2633 de
1254 2567 1331 2634 Gal-

276 2668 362 2735 frido
385 2669 426 2735 de
442 2670 674 2736 Wrockeshale
698 2672 734 2736 in
757 2672 903 2737 manerio
926 2671 966 2735 de
983 2671 1130 2748 Colerne,
1151 2693 1226 2737 cum
1245 2671 1331 2738 doti·

277 2771 345 2849 bus,
377 2773 537 2850 domibus,
571 2775 775 2861 curtillagiis,
808 2775 931 2852 croftis,
955 2796 1028 2841 cum
1064 2775 1183 2862 gravis,
1218 2776 1331 2860 pratis,

275 2874 427 2960 paschuis
451 2882 485 2940 et
517 2876 668 2961 pustulis,
693 2882 728 2940 et
761 2897 836 2942 cum
871 2876 1001 2954 wardia,
1023 2875 1164 2952 releviis,
1186 2875 1330 2952 herietis,

276 2976 442 3052 eschaetis,
463 2977 660 3054 tenentibus,
677 2978 869 3056 redditibus,
893 2978 1047 3054 serviciis,
1071 2983 1105 3043 et
1128 2999 1202 3044 cum
1225 2979 1331 3042 omni-

276 3079 336 3143 bus
367 3079 442 3144 eliis
466 3079 570 3156 rebus,
593 3080 802 3145 libertatibus
830 3086 865 3144 et
895 3081 1006 3145 liberis
1029 3080 1330 3156 consuetudinibus,

275 3179 318 3246 ad
345 3181 539 3268 praedictum
574 3187 800 3247 tenementum
823 3182 935 3267 aliquo
958 3182 1055 3248 modo
1078 3181 1330 3268 pertinentibus,

275 3284 345 3349 sine
367 3284 436 3350 ullo
461 3287 523 3370 [re]
546 3291 756 3351 tenemento:
790 3285 980 3351 habendum
1012 3292 1047 3350 et
1072 3285 1253 3350 tenendum
1280 3290 1330 3350 to-

275 3391 348 3451 tum
363 3388 560 3474 praedictum
576 3393 802 3454 tenementum
826 3409 900 3454 cum
916 3387 1068 3453 omnibus
1083 3388 1331 3473 praenominatis

274 3495 310 3552 et
335 3490 488 3555 omnibus
520 3490 594 3555 aliis
628 3491 839 3576 pertinentiis
861 3491 939 3567 suis,
970 3489 1136 3576 praedictis
1158 3489 1273 3554 abbati
1297 3493 1331 3553 et

274 3593 453 3658 conventui
481 3597 514 3658 et
537 3593 775 3660 successoribus
798 3614 910 3658 eorum
933 3591 986 3656 vel
1011 3613 1123 3657 eorum
1146 3591 1329 3677 assignatis,

274 3693 315 3758 de
348 3695 505 3780 praedicto
529 3695 676 3760 Galfrido
710 3696 750 3760 de
774 3693 966 3762 Wrocxale¹
991 3699 1025 3758 et
1047 3693 1222 3759 heredibus
1253 3693 1331 3768 suis,

274 3795 385 3872 libere,
432 3799 553 3883 quiete,
600 3798 725 3885 integre
772 3803 807 3862 et
851 3798 1005 3884 pacifice:
1043 3795 1208 3861 reddendo
1252 3795 1329 3860 inde

274 3901 448 3965 annuatim
473 3901 630 3987 prredicto
654 3900 803 3966 Galfrido
826 3906 861 3964 et
886 3898 1061 3964 heredibus
1084 3898 1161 3973 suis,
1184 3898 1330 3982 quinque

273 3999 424 4068 denarios
457 4003 493 4066 in
515 4003 599 4067 festo
623 4001 737 4069 Sancti
762 4001 941 4077 Michaelis,
965 4005 1118 4086 prototo
1141 4005 1329 4064 tenemento

272 4105 521 4188 praenominato,
543 4127 603 4190 pro
633 4104 723 4169 omni
756 4087 902 4180 servicio,
934 4101 1072 4168 seculari
1094 4102 1265 4167 exactione
1296 4108 1331 4166 et

272 4205 444 4283 demanda,
479 4207 572 4271 salvo
606 4207 709 4294 regali
744 4206 881 4271 servicio
916 4209 1077 4290 quantum
1111 4204 1256 4290 pertinet
1287 4203 1332 4269 ad

272 4314 406 4374 tantum
431 4315 657 4374 tenementum
681 4310 722 4374 de
745 4309 859 4375 eodem
882 4307 986 4373 feodo.

321 4411 365 4475 Et
386 4419 426 4476 ut
448 4411 521 4480 hoec
543 4435 617 4478 mea
639 4413 775 4478 donatio
798 4418 833 4478 et
856 4411 1019 4478 concessio
1041 4409 1143 4475 robur
1164 4410 1331 4496 perpetui·

271 4514 356 4582 tatis
387 4513 571 4600 optineant,
594 4514 680 4581 hanc
715 4519 839 4580 cartam
872 4513 1037 4600 praedictis
1060 4511 1174 4578 abbati
1198 4518 1233 4577 et
1255 4533 1331 4578 conu

269 4617 389 4681 ventui
412 4617 485 4694 feci,
508 4623 543 4682 et
565 4617 675 4705 sigillo
689 4639 763 4683 meo
777 4616 915 4703 signavi.
956 4615 1033 4680 Hiis
1048 4613 1198 4691 testibus,
1210 4619 1271 4680 etc.

764 4814 771 4848 ¹
790 4813 841 4866 Sic.
