3570 5804
353 1529 666 1620 REGISTRUM
705 1529 1225 1625 MALMESBURIENSE.
1275 1525 1281 1539 ⁴

566 1789 1009 1812 mmmmmmm

637 1979 716 2047 CAP.
741 1978 927 2046 CXXXIX.

419 2147 468 2213 De
491 2153 672 2214 tammo
693 2152 788 2214 acteo
806 2137 944 2237 pontem
966 2145 1147 2212 Lemwrdi.
1321 2163 1340 2215 f.
1355 2169 1410 2216 180.

302 2298 384 2365 Haec
406 2305 456 2364 est
478 2301 654 2366 conventio
676 2299 764 2366 facta
787 2300 875 2365 inter
898 2299 936 2365 G.
960 2299 1111 2386 priorem,
1135 2304 1169 2364 ct
1200 2303 1309 2365 totum
1324 2311 1442 2390 conven-

258 2404 458 2467 oonvcntum
495 2401 746 2478 Malmeaburiae,
781 2407 815 2466 et
848 2403 937 2466 inter
975 2401 1055 2467 God.
1089 2385 1383 2488 praepositum‚⁰⁰¹¹·

258 2503 346 2588 quod
368 2503 438 2588 ipse
462 2523 536 2569 cum
559 2525 662 2569 uxore
686 2525 746 2568 sua
768 2504 892 2590 recepit
923 2503 1112 2568 societatem
1136 2505 1310 2568 beneficio·

256 2626 330 2668 rum
353 2609 550 2683 nostrorum,
572 2612 606 2671 et
629 2605 789 2671 concessit
812 2605 907 2670 nobis
941 2610 1047 2670 totam
1081 2611 1214 2683 terram,
1236 2627 1310 2692 quae

258 2711 307 2770 cst
338 2705 381 2770 ab
414 2705 533 2770 ultimo
564 2705 686 2793 angulo
719 2706 798 2770 novi
830 2705 977 2791 virgulti,
1012 2708 1169 2792 quicquid
1207 2713 1257 2772 est
1290 2729 1311 2774 a

258 2808 394 2872 sinistra
415 2810 531 2874 semite
554 2809 653 2895 regiae
677 2808 830 2873 exeuntis
861 2807 900 2872 de
923 2807 1005 2873 villa
1038 2809 1081 2874 ad
1117 2809 1309 2874 orientalem

255 2916 386 2994 portam
421 2931 523 2995 nsque
558 2911 601 2976 ad
636 2909 850 2974 medietatem
889 2909 1013 2994 pontis,
1052 2931 1150 2995 quem
1189 2916 1311 2976 vocant

258 3011 373 3078 Sancti
396 3011 566 3089 Leonardi,
589 3017 659 3078 tam
682 3013 718 3075 in
741 3015 836 3096 prato
859 3031 958 3096 quam
974 3012 1009 3075 in
1025 3010 1161 3076 alterius
1183 3013 1311 3097 generis

257 3119 370 3178 terra:
403 3114 493 3178 omni
524 3135 611 3178 anno
638 3113 808 3177 dabuntur
830 3113 870 3188 ei,
886 3117 946 3176 aut
967 3113 1207 3176 successoribus
1230 3113 1310 3197 ejus,

257 3216 363 3280 xxxii.
396 3215 522 3280 denarii
556 3236 615 3300 pro
648 3215 808 3299 praedicta
830 3220 925 3280 terra.
973 3213 1076 3278 Facta
1109 3219 1160 3278 cst
1197 3221 1309 3280 autem

256 3318 328 3383 haee
359 3317 535 3383 conventio
569 3317 700 3402 publice
731 3317 767 3380 in
797 3317 952 3402 capitale,
974 3337 1062 3382 anno
1085 3319 1201 3382 xxviii.
1224 3320 1310 3404 ragis

257 3421 404 3497 Henrici,
427 3425 462 3486 et
484 3420 537 3483 dic
572 3419 767 3484 festivitatis
799 3418 903 3482 felicis
925 3424 1113 3484 sanctorum
1137 3418 1309 3506 Simplicii,

256 3523 410 3588 Faustini
448 3527 482 3586 et
520 3522 686 3587 Beatricis.
763 3521 917 3586 'Postibus
954 3526 1026 3586 toto
1063 3528 1229 3588 conventu
1267 3546 1309 3588 ex

255 3631 368 3691 nostra
390 3629 493 3710 parte,
516 3628 550 3688 et
573 3645 615 3688 ex
637 3623 727 3687 illius
749 3628 843 3709 parte
866 3623 1011 3688 Henrico
1036 3622 1252 3702 Cementario,
1275 3632 1310 3691 et

256 3727 392 3814 Segario
415 3726 483 3791 filio
507 3725 734 3802 Brichtward'‚
751 3731 785 3790 ct
807 3723 975 3791 Willelmo
998 3727 1038 3791 de
1062 3725 1252 3806 Oranoford,
1275 3735 1310 3794 et

256 3829 371 3895 multis
394 3829 476 3894 aliia.

681 4061 761 4129 Osa.
786 4061 883 4129 CXL.

449 4229 499 4294 De
522 4228 724 4295 exhibitione
746 4227 907 4312 chowta
929 4227 969 4293 de
992 4228 1132 4295 Kanate.

299 4384 383 4450 Haec
406 4390 457 4449 est
489 4384 664 4449 conventio
705 4383 793 4448 faeta
825 4382 913 4447 inter
946 4383 1100 4450 abbatem
1134 4384 1169 4450 E.
1194 4391 1228 4450 et
1250 4407 1310 4452 nos
1324 4397 1432 4478 exhibi-

254 4507 379 4564 omnes,
411 4491 447 4551 et
478 4483 523 4551 Η.
547 4487 586 4552 de
620 4485 766 4562 Komele,
789 4484 878 4570 quod
909 4484 997 4550 idem
1032 4485 1133 4573 Hugo
1168 4487 1311 4553 dimittit
1323 4474 1384 4516 ‘¹⁰¹²'

254 4595 378 4654 terram
394 4609 487 4653 suam
503 4587 625 4666 abbati,
637 4609 679 4654 sc.
695 4583 820 4672 hydam
833 4608 932 4672 quam
948 4587 1093 4654 habebat
1107 4591 1150 4655 ad
1165 4589 1311 4670 Romala,

255 4689 400 4763 solutam
424 4695 458 4755 et
481 4691 650 4780 quietam
674 4695 708 4754 et
733 4688 868 4753 dabitur
891 4689 921 4754 ei
944 4689 1066 4756 cotidie
1089 4691 1181 4756 cibus
1213 4695 1312 4758 unius

254 4791 432 4872 monachi;
454 4815 496 4859 sc
521 4786 618 4881 panis
640 4813 728 4858 unus
752 4792 884 4877 qualem
908 4791 1061 4857 monachi
1084 4793 1256 4861 habebunt
1279 4801 1314 4860 ct

1108 4898 1176 4959 s2
