3526 5810
512 893 712 951 ,seorsunun
735 891 1058 942 ununasauamusn.
1251 875 1316 940 313

262 1082 434 1150 voluntate
456 1085 571 1148 nostra
601 1081 783 1166 disponere.
829 1078 1059 1146 Concessimus
1091 1076 1193 1142 etiam
1228 1074 1317 1160 quod

261 1186 290 1252 si
312 1185 471 1272 prodicta
485 1184 605 1250 Anicia
627 1183 823 1270 praedictum
839 1181 1070 1268 Wymundum
1086 1180 1196 1244 virum
1219 1199 1317 1244 suum

261 1291 493 1378 supervixerit,
517 1290 606 1377 quod
629 1290 702 1376 ipsa
724 1293 838 1355 teneat
871 1287 1067 1374 praedictum
1091 1284 1317 1351 molendinum

263 1395 304 1460 de
331 1392 517 1480 Goubrigge
548 1415 623 1459 oum
658 1393 726 1457 suis
761 1389 972 1478 pertinentiis
1010 1389 1164 1455 omnibus
1202 1386 1318 1452 diebus

264 1497 344 1562 uitae
379 1519 455 1574 suae,
494 1494 672 1562 dummodo
709 1494 783 1580 ipsa
820 1492 940 1559 Avicia
976 1491 1014 1556 in
1051 1490 1219 1556 viduitate
1257 1509 1319 1554 sua

264 1598 360 1665 nobis
397 1597 514 1666 fecerit
551 1595 673 1664 nouam
712 1594 859 1682 quietam
897 1591 1111 1660 clementiam
1143 1592 1184 1658 de
1222 1590 1320 1656 terris

265 1722 339 1786 quae
361 1699 427 1765 sibi
461 1704 629 1766 cesserunt
661 1697 697 1762 in
726 1695 946 1762 hereditatem
978 1695 1014 1758 in
1037 1693 1120 1759 villa
1142 1694 1182 1759 de
1206 1692 1319 1758 Hane·

214 1803 219 1810 “
265 1803 435 1890 kyntone5
467 1806 502 1867 et
523 1805 599 1886 post
622 1800 790 1866 decessum
822 1796 1057 1886 praedictorum
1079 1795 1264 1882 Wymundi
1287 1799 1322 1861 et

266 1905 402 1982 Aviciae,
435 1903 603 1990 praedictae
641 1907 738 1968 tcrrae
773 1921 847 1966 cum
879 1900 948 1965 suis
980 1885 1199 1986 pertinentiis,
1235 1896 1322 1964 sicut

266 2005 494 2096 supradictum
517 2010 576 2082 est,
599 2005 642 2070 ad
664 2025 725 2069 nos
746 2009 780 2069 et
795 2023 994 2070 successores
1017 2006 1146 2068 nostros
1167 2000 1238 2066 sine
1260 1999 1322 2066 eli-

268 2131 333 2198 qua
360 2107 621 2176 contradictione
643 2105 875 2172 reuertentur.1
921 2105 963 2170 ln
985 2103 1079 2191 cujus
1102 2103 1150 2168 rei
1172 2102 1321 2169 testimo-

267 2213 362 2278 nium
384 2209 447 2278 hoc
469 2209 629 2298 scriptum
652 2208 847 2296 bipertitum
871 2207 959 2272 inter
981 2227 1040 2271 nos
1063 2211 1114 2272 est
1128 2205 1354 2284 confectum,r.
1367 2219 1414 2267 rer
1428 2211 1451 2264 t.

269 2320 303 2382 et
326 2313 444 2402 sigillis
466 2311 588 2380 nostris
610 2310 801 2378 alternatim
823 2309 978 2397 appensis
1001 2308 1198 2375 roboratum.
1246 2307 1323 2372 Hils

269 2417 419 2485 testibus.

622 2612 701 2680 CAP.
726 2611 985 2680 CCCCXXXII.

287 2739 411 2826 Quieto
440 2739 633 2810 clementio
655 2739 804 2808 Ricarda'
826 2739 968 2808 Ptnnot·
990 2739 1030 2806 <tc
1062 2739 1196 2807 <luobus
1219 2738 1310 2807 oeru's

565 2852 662 2912 terroe
685 2851 714 2911 ct
736 2866 809 2912 uno
827 2843 982 2932 protollo,
1169 2854 1172 2862 ’

317 2973 434 3040 Sciant
447 2977 628 3058 praesentes
650 2978 685 3038 et
706 2971 814 3038 futuri
828 2971 917 3058 quod
941 2993 1001 3058 ogo
1017 2971 1176 3038 Ricardus
1193 2971 1326 3038 Pinnok
1339 2972 1481 3091 3113pr

272 3076 322 3164 de·
337 3075 529 3142 Boruhtone
551 3075 692 3152 reddidi,
715 3075 837 3152 remisi,
861 3079 896 3140 et
929 3075 1079 3160 quietum
1103 3075 1243 3142 clamavi
1266 3095 1326 3160 pro
1339 3123 1400 3159 m„

272 3198 325 3242 me
347 3181 382 3242 et
403 3176 582 3242 heredibus
606 3181 641 3243 et
663 3176 841 3262 assignatis
863 3177 946 3242 meis
977 3177 1231 3263 imperpetuum,
1254 3176 1325 3244 Deo
1338 3175 1455 3226 concon.

274 3283 309 3342 ct
331 3277 476 3344 ecclesiae
499 3277 589 3344 beati
612 3277 758 3344 Aldelmi
790 3278 831 3344 de
855 3278 1100 3358 Melmesburia,
1123 3284 1157 3345 et
1191 3280 1325 3347 domino
1338 3242 1496 3372 {Effigiem

273 3381 440 3448 willelmo
462 3380 587 3459 abbati,
609 3387 644 3446 ot
666 3381 834 3448 monachis
856 3381 980 3447 ibidem
1002 3381 1074 3448 Deo
1097 3382 1325 3460 servientibus,

273 3488 383 3549 totum
413 3482 528 3570 juset
559 3483 716 3550 clamium
740 3483 828 3569 quod
862 3483 974 3561 habui,
997 3483 1052 3550 vel
1083 3484 1196 3571 aliquo
1229 3485 1326 3553 modo

273 3584 394 3650 habere
417 3585 521 3671 potui,
544 3585 580 3650 in
603 3585 731 3652 duabus
754 3586 838 3652 acris
861 3589 958 3652 terrae
974 3591 1008 3650 et
1023 3586 1165 3672 quodam
1187 3587 1327 3674 pratello

274 3691 309 3754 et
331 3687 542 3774 pertinentiis
573 3688 649 3754 suis.
697 3687 846 3769 Quarum
876 3709 944 3754 una
966 3709 1043 3756 acra
1069 3689 1159 3776 jacet
1179 3690 1269 3776 apud
1293 3689 1329 3756 lo

275 3789 424 3875 Impietc,
457 3811 571 3856 versus
604 3788 772 3868 Corstono,
795 3789 958 3858 etaltera
990 3811 1067 3858 acre
1097 3791 1187 3877 apud
1222 3791 1329 3878 King·

278 3892 415 3970 berowe,
446 3893 535 3958 inter
568 3891 733 3958 culturam
771 3891 903 3960 abbatis
935 3893 976 3958 de
1018 3892 1259 3960 Malmesburia
1296 3897 1331 3959 et

276 3998 399 4060 terram
425 3993 592 4060 lobannis
623 3994 654 4060 le
678 3993 839 4062 Chareter
870 3995 912 4060 de
934 3993 1136 4074 Boruhtone,
1158 3995 1202 4062 ad
1236 3995 1330 4082 cujus

277 4115 362 4162 ocrae
397 4099 499 4182 eaput
516 4094 608 4180 jacet
629 4095 826 4181 praedictum
849 4094 1034 4182 pratellum.
1081 4097 1136 4162 Ita
1158 4098 1247 4184 quod
1269 4119 1330 4165 nee

279 4217 348 4284 ego,
371 4217 432 4264 neo
464 4196 586 4282 aliquis
617 4195 777 4262 heredum
807 4197 862 4264 vel
896 4197 1138 4283 assignatorum
1172 4220 1329 4278 meorum,

278 4297 414 4384 aliquod
447 4297 504 4384 jus
538 4297 593 4364 vel
627 4298 783 4366 clamium
816 4298 854 4364 in
883 4299 1051 4384 praedietis
1088 4301 1216 4368 duabus
1246 4303 1330 4370 acris

277 4405 381 4479 terre,
403 4421 462 4466 seu
491 4400 528 4466 in
549 4401 708 4487 preedicto
740 4399 890 4487 pratello,
913 4401 968 4468 vel
1001 4401 1039 4468 in
1061 4402 1228 4490 aliquibus
1262 4405 1330 4471 suis

277 4502 498 4588 pertinentiis,
519 4502 634 4588 aliquo
655 4507 803 4600 tempore
824 4503 921 4570 nobis
942 4504 1075 4592 exigere
1089 4505 1143 4572 vel
1158 4507 1332 4572 vendicare

277 4605 439 4692 possimus
478 4605 731 4693 imperpetuum.
810 4605 854 4672 Et
891 4607 928 4672 in
966 4609 1195 4676 testimonium
1232 4609 1332 4695 hujus

601 4811 609 4844 ¹
630 4810 798 4878 revertentur]
819 4818 942 4875 revertur,
953 4811 1011 4866 MS.
