3526 5810
482 927 681 980 euctemon
706 927 1031 978 uanunsauarnusu.
1221 911 1284 980 275

231 1115 478 1204 imperpetuum
502 1113 801 1180 warantizabimus,
848 1113 893 1178 Et
922 1117 963 1178 ut
991 1112 1062 1179 haec
1093 1112 1229 1178 donatio
1251 1119 1285 1179 et

231 1218 395 1284 concessio
418 1224 531 1282 nostra
547 1217 642 1282 firma
658 1217 704 1280 sit
718 1222 753 1282 et
768 1215 904 1292 stabilis,
921 1215 982 1280 hoc
998 1217 1156 1302 scriptum
1178 1216 1285 1282 eidem

231 1321 378 1386 Johanni
408 1321 554 1398 fecimus,
585 1325 621 1385 ct
651 1319 735 1384 illud
767 1317 886 1404 sigillis
919 1319 1041 1384 nostris
1072 1319 1284 1405 signavimus.

231 1423 308 1492 Hiis
331 1424 481 1502 testibus,
502 1429 562 1490 etc.

567 1747 646 1813 CAP.
672 1747 957 1814 OOCLXXXXV.

323 1902 444 1984 Quieto
467 1899 659 1968 choraulica
682 1899 857 1968 Jotanm's
879 1901 919 1966 de
943 1902 1196 1988 Hunabyntoue.

278 2053 394 2120 Sciant
415 2061 594 2141 praesentes
628 2059 663 2119 ct
697 2054 812 2129 futuri,
840 2055 929 2140 quod
960 2077 1022 2141 ego
1043 2055 1212 2124 iohannes
1247 2060 1438 2140 deQuitelaim

233 2157 473 2222 Hanekintone
505 2156 643 2234 reddidi,
667 2157 778 2222 remisi
810 2161 845 2221 et
876 2158 1025 2242 quietum
1056 2160 1207 2239 clamavi,
1230 2183 1289 2248 pro
1300 2143 1398 2262 {23¹¹
1410 2154 1435 2195 ⁸²

233 2281 287 2324 me
321 2265 357 2324 et
389 2258 568 2325 heredibus
590 2259 681 2335 meis,
704 2259 745 2324 de
777 2259 878 2324 etiam
906 2258 1096 2326 hominibus
1119 2263 1209 2341 meis,
1231 2262 1421 2342 domggeto

233 2362 325 2427 mino
362 2360 528 2426 Willelmo
566 2360 681 2426 abbati
719 2360 759 2425 de
795 2359 1037 2439 Malmesburia,
1060 2369 1095 2429 et
1132 2365 1203 2450 ejus
1226 2343 1439 2462 locifflffbel'

234 2464 424 2540 conventui,
461 2469 572 2528 totum
605 2463 663 2548 jus
694 2467 728 2528 et
765 2462 921 2528 clamium
959 2467 1049 2550 quod
1085 2467 1196 2546 habui,
1236 2471 1290 2536 vel
1301 2477 1406 2543 change.

235 2567 347 2652 aliquo
370 2567 467 2632 modo
490 2566 611 2632 habere
641 2565 745 2652 potui,
761 2566 797 2630 in
819 2567 974 2634 omnibus
997 2567 1170 2636 dominicis
1192 2573 1290 2638 terris

233 2671 324 2748 meis,
348 2677 382 2736 ct
405 2670 506 2736 etiam
530 2671 565 2734 in
588 2669 685 2734 terris
708 2670 856 2734 omniurn
879 2669 1052 2736 hominum
1075 2693 1230 2751 meorum,
1254 2676 1289 2739 in

234 2773 358 2858 canapis
382 2773 422 2838 de
446 2771 648 2858 Houlrugge,
672 2778 707 2836 et
730 2771 831 2836 etiam
854 2773 890 2836 in
920 2774 1016 2838 terris
1039 2774 1231 2862 subscriptis
1254 2777 1290 2842 in

234 2876 359 2962 campis
391 2876 431 2940 de
463 2874 722 2959 Hanekyntone.
782 2873 947 2941 Videlicet
980 2877 1017 2942 in
1048 2897 1115 2943 una
1153 2877 1291 2945 dimidia

234 2999 309 3045 acra
340 2999 439 3064 super
461 2976 632 3042 Dunhulle
659 2977 761 3062 juxta
794 2983 916 3044 temam
939 2977 1098 3046 Willelmi
1122 2982 1224 3049 Briau
1254 2969 1291 3048 in

236 3087 328 3168 parte
350 3079 553 3156 occidentali,
578 3084 612 3143 et
634 3079 670 3142 in
694 3101 761 3144 una
784 3080 923 3145 dimidia
939 3102 1016 3146 acra
1040 3102 1139 3168 super
1154 3084 1291 3173 Oteger·

233 3191 337 3262 stone,
360 3185 448 3248 inter
482 3189 604 3248 terram
637 3180 796 3247 Willelmi
830 3183 872 3248 de
907 3181 1103 3273 Ooubrugge
1143 3194 1177 3253 et
1207 3189 1291 3255 Adae

233 3287 398 3363 Alfmark,
428 3291 463 3351 et
497 3285 532 3349 in
565 3305 632 3349 una
665 3284 803 3350 dimidia
834 3305 911 3351 acra
944 3308 1042 3373 super
1074 3288 1291 3381 Edringhulle

230 3391 331 3476 juxta
367 3395 490 3454 terram
528 3386 694 3472 quondam
732 3386 872 3453 Jordani
904 3389 944 3454 de
976 3388 1156 3470 Dunhulle,
1187 3399 1221 3459 et
1254 3394 1290 3458 in

234 3515 303 3558 una
325 3490 463 3556 dimidia
485 3510 560 3556 acra
582 3509 680 3576 super
704 3489 918 3558 Boterewelle
948 3493 1037 3558 inter
1059 3499 1180 3562 terram
1204 3495 1291 3562 Mar-

234 3594 334 3681 geriae
357 3591 523 3678 Upebulle
557 3597 592 3656 et
623 3596 745 3656 temam
769 3590 906 3657 Henrici
930 3592 1071 3672 Hubert,
1094 3601 1129 3662 et
1162 3597 1199 3662 in
1225 3609 1322 3663 unat.
1335 3611 1416 3664 aest.

235 3695 374 3760 dimidia
396 3715 471 3760 acra
493 3693 529 3757 in
552 3692 666 3758 eadam
693 3692 823 3758 cultum
852 3693 954 3780 juxta
987 3701 1109 3762 terram
1142 3698 1292 3784 predicti

235 3796 394 3862 Willelmi
417 3796 458 3861 de
482 3794 679 3882 Coubrugge
701 3795 739 3858 in
768 3801 862 3881 parte
885 3795 1087 3876 occidentali,
1112 3803 1146 3864 et
1167 3800 1204 3865 in
1227 3823 1294 3868 una

236 3899 375 3966 dimidia
407 3919 483 3964 acra
510 3899 612 3984 juxta
635 3896 913 3984 Putelsetesweye
947 3899 983 3963 in
1015 3905 1108 3988 parte
1132 3903 1292 3976 orientali,

236 4009 271 4068 et
293 4002 329 4066 in
351 4021 419 4066 una
442 4000 580 4065 dimidia
611 4020 687 4065 acra
709 4020 807 4084 super
833 3999 869 4064 la
891 3999 1038 4067 Iciortde
1061 4003 1149 4070 inter
1171 4011 1293 4072 terram

236 4105 376 4171 Amaldi
408 4104 449 4170 dc
483 4103 516 4168 la
539 4102 643 4168 Forde
678 4107 713 4168 et
744 4107 865 4168 terram
896 4104 1047 4190 praedicti
1070 4106 1293 4175 willelmides

236 4208 439 4293 Coubrugge,
463 4211 498 4270 ct
532 4206 567 4269 in
599 4225 666 4270 una
700 4205 839 4270 dimidie
870 4227 945 4272 acra
978 4229 1077 4294 super
1107 4209 1143 4275 la
1165 4211 1293 4297 Lampe-

238 4310 335 4376 londe
362 4310 463 4393 juxta
485 4306 587 4372 Henr'
622 4306 778 4384 Bernard,
802 4307 838 4371 in
868 4315 961 4395 parte
984 4312 1177 4396 aquilonari,
1202 4316 1294 4380 etin

236 4435 305 4478 una
327 4411 466 4476 dimidia
477 4431 553 4476 acra
567 4430 665 4494 super
677 4408 871 4494 Rullymore
881 4410 984 4497 juxta
994 4419 1116 4481 temam
1129 4415 1152 4481 J
1153 4417 1294 4485 ohannis

237 4513 392 4592 Caist0n3
428 4517 463 4578 et
499 4518 550 4577 est
587 4512 738 4599 capitalis
776 4513 812 4576 in
850 4515 957 4601 capite
995 4518 1156 4585 orientali.
1203 4519 1293 4601 Quas

238 4616 373 4702 quidem
391 4620 495 4679 terras
511 4635 571 4702 ego
586 4613 609 4679 J
611 4613 756 4680 ohannes
771 4617 866 4680 tenui
889 4617 929 4682 de
952 4618 1082 4685 eisdem.
1128 4621 1182 4688 Ita
1205 4625 1294 4708 quod

236 4739 298 4784 nac
312 4738 382 4804 ego,
397 4737 458 4782 nec
479 4716 601 4802 aliquis
619 4716 778 4783 heredum
793 4739 851 4784 seu
866 4721 1108 4807 assignatorum
1124 4723 1177 4790 vel
1192 4726 1293 4792 etiam

237 4819 410 4888 hominum
432 4841 589 4898 meorum,
604 4819 739 4910 aliquod
757 4821 814 4910 jus
836 4822 891 4888 vel
913 4821 1066 4890 clamium
1084 4825 1139 4893 vel
1160 4825 1295 4914 aliquod

1099 4933 1159 4996 st
