3524 5808
658 913 835 964 srrssmx
859 915 896 963 11.
1243 899 1307 964 409

254 1087 367 1154 Sancti
391 1089 553 1155 Bernebae
584 1091 736 1175 apostoli,
758 1111 846 1156 enno
868 1090 1005 1156 Domini
1030 1107 1128 1157 mccc.
1153 1113 1249 1170 nono,
1274 1105 1308 1157 et

256 1213 344 1257 enno
366 1191 460 1278 regni
483 1192 569 1279 regis
594 1192 751 1258 Edwardi
775 1194 927 1259 secundo.

300 1393 513 1460 Smctssimo
535 1396 623 1481 petri
646 1395 682 1459 in
716 1393 859 1460 Domino
892 1393 927 1460 C.
951 1395 1067 1460 divine
1098 1389 1431 1482 providentias-2⁹⁸&

254 1501 467 1576 sacrosanctae
508 1497 664 1563 Romenae
697 1517 736 1563 ec
767 1497 963 1562 universalis
997 1498 1140 1564 ecclesiae
1179 1518 1306 1564 summo
1320 1479 1457 1600 01³}ssssss
1459 1521 1465 1533 ·

254 1599 411 1682 pontifici,
446 1599 620 1687 Philippus
658 1599 721 1666 Dei
758 1601 867 1688 gretie
900 1599 1049 1666 Franciae
1086 1623 1154 1678 res,
1185 1601 1471 1667 devotetoclement

253 1700 373 1785 pedum
397 1701 507 1766 oscule
529 1701 708 1768 beatorum.
755 1701 811 1767 Ad
844 1707 997 1790 rogatum
1019 1703 1194 1768 carissimae
1217 1707 1305 1767 natee
1319 1681 1479 1801 ἕὲηξξῖἷῖ·

253 1807 374 1869 nostrae
397 1802 547 1870 Isebellae
569 1805 692 1891 reginae
708 1804 847 1892 Angliae,
865 1805 1053 1892 religiosum
1075 1805 1185 1870 virum
1208 1805 1307 1872 dilec·
1319 1815 1397 1866 abhoc
1407 1817 1437 1866 of

254 1909 324 1968 tum
348 1910 529 1972 nostrum.
562 1906 744 1972 .ebbstem
769 1906 1020 1988 Melmesburiee,
1044 1907 1169 1973 ordinis
1192 1906 1307 1973 Sancti
1319 1883 1461 2013 ffissssho

253 2007 433 2086 Benedicti,
448 2009 490 2074 ed
506 2013 626 2075 vestrm
648 2009 836 2076 sanctitutis
858 2011 1067 2096 presentiam
1091 2033 1150 2096 pro
1172 2011 1308 2097 quibus·
1320 2013 1431 2094 ingeing

253 2109 328 2175 dem
351 2109 420 2176 suis
441 2111 584 2198 negotiis
599 2111 814 2191 accedentem,
831 2112 937 2178 eidem
952 2112 1123 2179 sanctitati
1145 2134 1204 2200 per
1226 2135 1308 2199 prce·
1320 2081 1449 2202 ‘fioffim

252 2217 361 2279 sentes
383 2212 571 2300 specialiter
593 2214 927 2280 recommendsndum
942 2215 1108 2293 duximus,
1125 2220 1159 2280 et
1181 2221 1309 2281 attente

252 2314 474 2401 supplicantes
496 2316 712 2382 nihilominus
735 2317 823 2402 quod
845 2317 951 2382 eidem
983 2317 1019 2381 in
1042 2317 1123 2403 ipsis
1145 2338 1310 2403 exponen·

253 2416 304 2482 dis
333 2418 476 2505 negotiis
507 2439 608 2484 eures
625 2419 867 2484 accommodare
890 2418 1059 2506 benignas,
1092 2424 1126 2484 et
1159 2419 1196 2482 in
1229 2419 1309 2506 ipsis

251 2519 450 2598 obtinendis,
473 2519 597 2586 favoris
627 2520 825 2586 beneficium
859 2521 1048 2607 impendere
1071 2525 1183 2586 vestm
1204 2521 1309 2586 becti-

254 2621 335 2686 tudo
359 2622 523 2710 dignetur,
539 2627 579 2687 ut
602 2643 713 2708 preces
735 2628 865 2688 nostres
888 2621 1134 2708 quantumlibet
1148 2623 1213 2688 sibi
1235 2644 1307 2688 sen·
1417 2611 1420 2617 ¹

252 2723 318 2789 tiae
340 2723 511 2810 profuisse.
565 2723 693 2790 Datum
717 2725 881 2812 Lugduni,
906 2725 974 2791 xxi.
999 2725 1052 2791 die
1075 2724 1208 2812 Aprilis.

252 2973 390 3042 Plewitc
412 2973 510 3061 repud
538 2973 868 3044 westmonasterium
883 2997 997 3042 corone
1018 2973 1061 3042 W.
1087 2973 1126 3042 de
1148 2971 1337 3061 Bereforclf·
1352 2975 1380 3022 ¹⁵
1395 2971 1418 3022 b·

341 3083 370 3144 el
393 3077 492 3144 sociis
515 3079 597 3158 suis,
622 3077 838 3165 justiciariis
862 3077 998 3145 (loncini
1021 3077 1109 3164 repis
1132 3077 1171 3144 dc
1196 3078 1307 3157 teneo,

341 3203 363 3246 a
386 3181 442 3248 dic
474 3180 594 3248 Sancti
625 3180 780 3248 Hillorii
814 3181 856 3248 in
887 3203 938 3248 cv.
970 3179 1050 3261 dics,
1082 3203 1176 3246 enno
1209 3179 1307 3265 repsi

341 3282 429 3370 repis
452 3281 622 3351 Edwordi
644 3289 739 3352 secto.
785 3283 910 3350 Rotnlo
933 3282 1028 3350 clrcrc.l

296 3484 407 3573 Agnes
441 3507 515 3571 quse
546 3483 612 3550 fuit
646 3505 730 3552 uxor
768 3483 919 3550 Gervssii
954 3484 994 3550 de
1027 3481 1184 3550 Wottone
1218 3484 1305 3571 petit
1317 3487 1415 3564 Agnes,

252 3609 365 3654 versus
387 3587 542 3653 ebhetem
565 3589 606 3653 de
629 3587 870 3664 Melmeshurie,
895 3607 996 3651 unam
1019 3587 1185 3674 virgatam
1207 3593 1304 3653 tense
1316 3555 1448 3671 Effissf

252 3713 326 3757 cum
355 3689 566 3777 pertinentiis
599 3690 635 3754 in
657 3689 834 3776 Purytone,
857 3694 896 3754 ut
923 3689 981 3775 jus
1012 3710 1109 3755 suum
1143 3691 1184 3756 de
1217 3686 1463 3804 d⁰¹¹⁰ssssffffiel

252 3791 410 3858 Willelmi
440 3791 574 3878 Peynel,
606 3791 663 3878 qui
697 3793 803 3879 ipsam
834 3793 997 3878 Agnetem
1030 3791 1108 3857 inde
1145 3792 1435 3872 feoffevitfflnmffl.

252 3895 343 3961 etin
366 3915 466 3981 quem
490 3894 577 3960 idem
600 3895 702 3960 ebbes
725 3915 792 3959 non
814 3893 917 3960 hebet
939 3894 1124 3980 ingressum
1147 3893 1213 3960 nisi
1227 3888 1452 4022 postlc’fflgfl·

253 3997 485 4076 dimissionem,
509 4017 608 4083 quem
631 3995 809 4083 praedictus
841 3995 1022 4062 Gervasius
1054 3995 1220 4082 quendem
1250 4017 1415 4072 vuimars

252 4099 354 4186 ipsius
377 4097 526 4186 Agnetis,
550 4099 604 4165 cui
626 4099 699 4186 ipsc
731 4099 768 4163 in
791 4097 863 4165 vite
897 4119 958 4164 sue
991 4099 1213 4168 contradicere
1236 4121 1304 4167 non
1317 4087 1424 4139 Purcon.

253 4201 372 4287 potuit,
395 4201 472 4266 inde
504 4198 584 4268 fecit
618 4197 784 4266 Willelmo
816 4201 856 4266 de
889 4199 1027 4268 Ooleme
1059 4203 1224 4288 quondam
1247 4204 1305 4271 ab·
1319 4161 1333 4205 ⁶
1346 4155 1416 4206 Eds.
1431 4155 1466 4205 11.

251 4304 322 4370 bcti
346 4303 590 4370 Melmeshun'ce
620 4305 851 4391 predecessori
884 4303 1036 4392 praedicti
1068 4305 1209 4386 abbatis,
1245 4312 1305 4374 eto.

257 4471 336 4477 ....-.
363 4471 485 4478 *h—

286 4551 418 4606 ¹Entercd
429 4569 463 4605 on
476 4554 519 4605 the
532 4555 571 4606 De
588 4555 675 4606 Benco
687 4555 755 4616 Roll,
802 4555 825 4606 is
846 4556 924 4622 giren
947 4565 973 4608 et
992 4558 1069 4608 much
1090 4565 1190 4622 greater
1209 4557 1306 4622 length,

255 4634 457 4700 Hilarytermm
470 4633 550 4694 Eds,
570 4633 674 4694 II.,but
687 4635 756 4686 there
802 4637 852 4686 end
876 4637 918 4687 the
940 4651 1028 4687 names
1050 4635 1082 4687 of
1105 4637 1148 4686 the
1176 4635 1306 4687 witnesses

252 4730 296 4765 erc
307 4713 424 4778 frequent
436 4711 581 4766 sedatione.
603 4713 658 4764 The
670 4729 757 4781 agree-
802 4715 922 4768 inserted.

253 4799 324 4846 ment
334 4795 447 4846 between
467 4793 576 4846 Coleme
587 4795 639 4844 and
649 4793 756 4846 Wotton
