3514 5818
759 953 923 1004 inustos.
1259 939 1369 1006 lxxvii

342 1133 412 1212 Gap.
432 1137 625 1196 chxxlx.
645 1139 734 1196 Cotto
763 1139 882 1196 Themis
912 1139 1028 1196 Hsserd
1058 1143 1089 1194 et
1113 1139 1239 1212 Agnetis
1270 1141 1369 1197 uxoris

465 1224 528 1294 ejus
546 1223 624 1280 fecta
641 1225 854 1280 Bartholommo
872 1225 996 1294 Aungor
1015 1223 1075 1279 filio
1094 1241 1194 1280 eorum
1214 1230 1244 1280 et
1256 1225 1368 1296 Agneti

464 1309 547 1363 uxori
581 1325 642 1364 suae
669 1309 705 1364 de
731 1326 790 1364 uuo
817 1308 971 1377 mesuagio
997 1324 1066 1364 oum
1091 1308 1260 1378 curtillagio
1287 1309 1366 1378 odjs·
1420 1307 1421 1310 ’

464 1396 548 1446 conte
567 1390 598 1445 in
615 1392 774 1462 Westport,
789 1408 855 1463 ques
872 1390 1040 1447 habuerunt
1058 1409 1093 1446 ex
1112 1391 1188 1471 dono
1200 1391 1275 1446 Adae
1295 1391 1365 1448 Oooi

466 1473 521 1528 filii
539 1475 661 1530 Ricardi
681 1475 762 1531 Coei.

430 1557 516 1613 OXO.
545 1558 734 1616 Confirmatio
769 1558 895 1629 Agnetis
932 1558 1055 1630 Aungsi·
1092 1557 1206 1617 relietae
1248 1558 1367 1615 Thomae

464 1641 581 1696 Hessrd
593 1642 670 1698 fecta
682 1641 896 1698 Bartholomaeo
905 1642 1028 1711 Aunger
1036 1642 1186 1712 etAgneti
1199 1643 1283 1697 uxori
1302 1643 1366 1714 ejus

464 1725 500 1780 de
520 1744 579 1780 uno
601 1731 768 1782 tenemento
782 1725 892 1780 situato
904 1725 936 1780 in
947 1725 1099 1796 Westport
1113 1725 1199 1796 juxte
1212 1727 1365 1784 ecelesiam

465 1807 499 1863 Β,
517 1807 621 1863 Marios
640 1809 672 1862 in
688 1807 862 1863 occidentali
880 1813 964 1877 perte
981 1824 1049 1862 oum
1071 1808 1223 1878 mesuagio
1248 1814 1279 1864 et
1300 1827 1364 1863 our-

462 1890 577 1961 tillngio
599 1896 629 1947 ot
649 1897 714 1946 tote
734 1891 788 1946 illo
807 1897 887 1946 terra
908 1890 987 1962 apud
1008 1889 1198 1945 Thornhulle.

428 1973 531 2030 oxol.
552 1973 640 2029 Certe
659 1973 803 2029 Iohannis
825 1973 881 2028 Dei
903 1973 1001 2042 gratio
1025 1971 1136 2026 obbatis
1159 1973 1312 2029 Mslmesb.
1333 1981 1366 2031 et

463 2058 595 2127 ejusdem
615 2057 671 2112 loci
690 2060 852 2114 convontus
872 2055 950 2112 facts
970 2055 1090 2110 Thomoe
1114 2056 1150 2111 de
1174 2055 1308 2112 Sertrino
1330 2060 1366 2114 de

460 2141 587 2212 quodem
600 2141 751 2212 mesuagio
764 2146 795 2196 et
816 2138 982 2210 emtillsgio
996 2137 1145 2209 sdjeoente
1158 2139 1189 2193 in
1202 2140 1367 2197 Burnevsle

463 2241 516 2295 pro
540 2223 659 2280 redditu
680 2224 710 2279 ii.
736 2241 759 2280 s.
783 2222 914 2280 ssoristae
943 2222 1068 2278 abbatiae
1098 2222 1304 2279 solvendorum
1335 2224 1367 2279 iu

462 2308 590 2362 crastino
610 2307 639 2362 S.
661 2308 823 2363 Aldhelmi.
996 2363 998 2368 .

426 2391 548 2447 CXCII.
580 2390 669 2448 Corte
709 2391 829 2446 Thomas
873 2391 909 2446 de
952 2388 1086 2446 Sartrino
1119 2390 1191 2446 elius
1225 2391 1366 2463 appellati

461 2475 588 2540 Essem,
616 2475 694 2530 fests
733 2474 947 2530 Bartholomaeo
979 2476 1102 2544 Aunger
1129 2473 1190 2528 filio
1231 2471 1308 2544 [suo]
1336 2483 1368 2531 et

460 2557 572 2628 Agneti
596 2558 679 2612 uxori
701 2559 764 2627 ejus
790 2558 825 2613 de
849 2575 908 2612 uno
932 2556 1084 2626 mesuagio
1112 2575 1180 2612 oum
1198 2557 1366 2628 curtillegio

459 2642 609 2712 adjacente
628 2641 659 2694 in
684 2640 848 2696 Burnovele
869 2639 1021 2694 Melmesb.
1052 2657 1117 2710 quie
1139 2639 1307 2695 habuerunt
1331 2659 1367 2696 ex

462 2723 538 2777 dono
563 2728 593 2778 et
617 2722 801 2778 concessione
831 2722 974 2778 Iohannis
1003 2721 1058 2778 Dei
1082 2721 1179 2791 gretie
1197 2721 1310 2778 abbatis
1336 2733 1367 2782 et

462 2811 622 2860 conventus
649 2805 820 2876 monasterii
839 2805 940 2861 Mslm.

406 2917 409 2924 ν
435 2887 574 2944 CXCIII.
593 2887 682 2944 Garis
693 2888 834 2944 willelmi
852 2889 889 2943 de
912 2887 1104 2958 Ooubrugge,
1126 2886 1268 2958 capellani
1289 2888 1367 2943 fectu

464 2971 678 3027 Bartholomaeo
695 2973 819 3042 Auuger
848 2977 878 3026 et
902 2971 1013 3042 Agneti
1038 2969 1121 3026 uxori
1146 2970 1209 3040 ejus
1233 2971 1270 3026 de
1299 2987 1364 3040 por-

463 3053 543 3109 tione
564 3053 651 3110 unius
671 3053 833 3112 tenementi
852 3055 884 3109 in
903 3055 1055 3123 Westport
1076 3051 1161 3122 burgi
1181 3051 1334 3109 Malmosb.

429 3147 563 3205 CXCIV.
582 3147 670 3204 certa
691 3148 811 3204 Thomas
825 3148 861 3204 de
874 3149 1024 3218 Purytono
1046 3147 1125 3202 faeta
1143 3145 1292 3202 Willelmo
1305 3147 1364 3202 filio

465 3231 602 3302 Hugonis
627 3232 813 3303 Carpentsrii
836 3232 873 3286 de
904 3236 1072 3287 tenemento
1097 3230 1175 3302 quod
1206 3231 1364 3302 praedictus

465 3315 555 3386 Hugo
573 3317 720 3387 quondam
740 3315 846 3373 ten-uit.

430 3397 545 3456 CXCV.
565 3399 654 3456 Canto
682 3400 802 3456 Thomoe
829 3399 865 3456 de
890 3401 1040 3470 Purytone
1061 3398 1140 3454 seete
1170 3397 1299 3454 Iohanni
1327 3399 1363 3454 de

464 3481 580 3538 Postioo
599 3483 741 3538 Posterns
765 3484 800 3538 de
821 3483 948 3554 quedem
963 3487 1042 3538 terra
1053 3481 1185 3553 proximu
1196 3482 1363 3552 curtillegio

462 3564 671 3620 monachorum
692 3565 793 3620 Melm.
816 3572 847 3621 et
875 3567 911 3621 de
935 3571 1019 3636 prato
1037 3570 1139 3620 vooato
1158 3565 1314 3636 Pundyng,
1333 3571 1364 3620 et

463 3647 499 3702 do
517 3645 570 3701 iiii.
590 3648 666 3702 soris
684 3651 771 3702 terres
795 3646 913 3703 erabilis
932 3647 963 3700 iu
984 3646 1165 3702 Steorfeude.

428 3729 561 3788 CXCVI.
582 3731 670 3786 Carta
690 3731 831 3788 Willeimi
856 3731 892 3786 de
917 3731 1165 3800 Hundolnvynton
1198 3735 1228 3784 et
1257 3729 1362 3785 Aliciae
1408 3777 1411 3782 ,

464 3813 562 3870 uxoris
586 3813 649 3886 ojus
683 3815 761 3871 fecta
788 3814 1004 3870 Bartholomoeo
1034 3814 1157 3882 Aunger
1188 3817 1218 3867 et
1247 3812 1360 3882 Agneti

462 3897 546 3953 uxori
558 3896 621 3968 ejus
640 3897 677 3953 de
698 3897 752 3953 iiii.
766 3897 841 3954 soris
860 3903 947 3954 terreo
967 3895 1085 3952 arabilis
1108 3895 1163 3950 sub
1175 3912 1234 3950 unu
1247 3896 1363 3950 cultura

463 3978 494 4033 in
514 3979 698 4036 Stertefoldo.

428 4071 578 4134 CXCVII.
598 4074 687 4130 Curta
706 4075 848 4132 Willelmi
862 4076 898 4132 de
918 4075 1186 4146 Hundelsvyntone
1206 4079 1236 4130 et
1256 4073 1361 4130 Alioioe

463 4157 561 4212 uxoris
589 4159 653 4229 ejus
682 4159 761 4215 secto
792 4159 1008 4215 Bartholomaeo
1039 4159 1162 4228 Aunger
1194 4162 1224 4213 ot
1250 4158 1361 4228 Agneti

461 4240 544 4294 uxori
566 4240 678 4311 ejusde
697 4259 756 4296 uuo
776 4241 927 4311 mesuagio
939 4258 1007 4296 oum
1020 4240 1188 4310 curtillugio
1209 4240 1361 4310 adjacente

462 4339 563 4377 versus
576 4323 698 4378 Pontem
711 4325 738 4379 le
751 4323 861 4394 Theyn.

427 4405 467 4470 (A
479 4405 539 4459 leof
548 4404 573 4458 is
583 4404 640 4460 lost
654 4406 740 4471 here3
761 4405 811 4461 the
823 4407 904 4461 titles
917 4407 950 4461 of
959 4406 1009 4461 the
1022 4405 1152 4460 churters
1165 4422 1214 4460 ers
1228 4406 1361 4477 supplied

461 4485 537 4540 from
549 4486 600 4541 the
613 4485 691 4540 table
704 4487 738 4540 of
747 4493 881 4543 contente
894 4505 925 4543 ss
939 4488 984 4543 far
997 4505 1028 4544 as
1042 4487 1115 4543 001.
1130 4486 1295 4553 inclusive.)

318 4579 323 4584 '
427 4580 593 4639 CXCVIII.
613 4582 702 4639 Certe
720 4581 863 4640 Willelmi
880 4585 918 4640 de
933 4583 1183 4654 Hundelevynton
1205 4588 1236 4638 et
1255 4582 1361 4638 Alieius

462 4665 558 4720 uxoris
588 4666 649 4737 ejus
684 4667 762 4722 fucta
788 4667 1004 4723 Bartholomaeo
1034 4668 1158 4736 Aunger
1189 4672 1220 4722 et
1245 4665 1356 4736 Agneti

461 4748 544 4803 uxori
557 4766 618 4806 suae
639 4751 675 4806 de
695 4750 823 4821 quodum
844 4769 941 4807 annuo
960 4751 1079 4806 redditu
1099 4751 1141 4822 iij.
1158 4768 1180 4805 s.
1200 4749 1359 4821 percipien·

463 4831 570 4888 dorum
589 4834 625 4890 de
646 4835 776 4905 quodam
787 4839 958 4892 tenemento
970 4835 1079 4890 situeto
1097 4833 1129 4889 in
1140 4833 1290 4906 Westport
1310 4851 1361 4890 ver

461 4930 510 4972 sus
529 4915 778 4992 Theynesbrngge
798 4921 881 4977 extis
900 4917 1014 4978 Barros.

391 4994 468 5074 ²⁴3⁰?
1214 4999 1232 5080 f
