3566 5820
424 865 490 932 120
677 835 875 934 ausurum
898 879 1220 934 missenummsn

429 1073 597 1162 praedietis
630 1072 743 1140 abbati
775 1078 810 1138 et
843 1072 1022 1138 conventui
1045 1075 1080 1138 et
1103 1092 1215 1136 eorum
1238 1070 1485 1150 suecessoribus,

427 1178 530 1242 libere
575 1182 610 1241 et
651 1176 773 1261 quiete,
814 1175 942 1262 integre
987 1180 1022 1240 et
1054 1174 1195 1261 pacifice,
1231 1175 1483 1261 imperpetuum

428 1278 609 1344 Reddendo
638 1277 716 1343 inde
747 1277 922 1344 annuatim
956 1276 1097 1342 dominis
1130 1275 1218 1341 feodi
1244 1297 1305 1362 pro
1327 1275 1486 1362 praedieta

428 1386 517 1447 terra
549 1387 583 1446 et
614 1385 812 1458 tenemento,
834 1379 1002 1445 redditum
1035 1379 1183 1445 debitum
1218 1383 1252 1443 et
1283 1386 1484 1456 eonsuetum,

429 1483 579 1548 terminis
597 1482 745 1568 [debitis]
762 1487 796 1547 et
819 1481 991 1548 consuetis.
1038 1481 1084 1547 Et
1097 1502 1157 1546 nos
1173 1485 1207 1546 et
1229 1480 1365 1546 heredes
1380 1481 1484 1546 nostri

429 1591 535 1652 totam
551 1585 743 1671 praedictam
758 1589 889 1664 terram,
909 1606 985 1651 eum
1001 1583 1113 1662 eroftis
1128 1589 1164 1649 et
1177 1581 1251 1648 aliis
1274 1583 1485 1668 pertinentiis

432 1689 510 1766 suis,
539 1687 706 1774 praedistis
728 1687 842 1754 abbati
865 1693 901 1753 et
922 1686 1101 1753 conventui
1132 1691 1168 1750 et
1189 1707 1301 1750 eorum
1325 1705 1486 1752 suecesso-

432 1791 523 1856 ribus
546 1796 661 1856 eontra
693 1811 805 1856 omnes
840 1790 993 1856 mortales
1020 1790 1264 1876 imperpetuum
1291 1789 1485 1855 warantiza-

431 1893 549 1958 bimus.
593 1892 642 1960 Et
664 1899 702 1958 ut
725 1892 796 1958 haec
818 1898 931 1958 nostra
958 1893 1093 1958 donatio
1126 1897 1160 1956 et
1191 1892 1355 1959 consessio
1386 1893 1486 1958 mbur

432 1994 664 2082 perpetuitatis
686 1996 869 2081 optineant,
901 1995 987 2062 hane
1009 2001 1134 2060 sartam
1162 1995 1285 2060 eisdem
1308 1995 1422 2062 abbati
1451 2000 1486 2061 et

433 2097 613 2164 conventui
637 2097 783 2174 fecimus,
805 2102 840 2163 et
862 2097 979 2184 sigillis
1002 2098 1123 2164 nostrie
1146 2097 1358 2184 signavimus

696 2491 706 2512 ,
847 2434 927 2501 ΟΑΡ.
952 2433 1076 2502 OOLV.

436 2591 626 2660 omwoedte
662 2591 755 2658 ieter
788 2589 996 2658 Nietotawm
1032 2591 1062 2658 te
1099 2591 1222 2660 Perter
1258 2601 1287 2660 et
1325 2593 1490 2662 Edictum

292 2752 297 2766 .
386 2768 414 2802 n·
488 2717 627 2763 umorem
649 2695 721 2782 ejus
743 2699 773 2760 et
794 2693 946 2761 abbatem
968 2693 1228 2775 Mabnesburioe,
1252 2695 1291 2764 de
1313 2695 1432 2765 cedern.

266 2835 383 2937 eisne·
480 2802 563 2916 Haee
594 2854 645 2913 est
681 2847 790 2913 finalis
827 2846 1000 2913 coneordia
1036 2845 1125 2914 saeta
1163 2848 1198 2912 in
1235 2849 1326 2915 suria
1364 2849 1489 2916 domini

435 2952 521 3038 regis
558 2951 648 3036 apud
678 2948 836 3035 Wyltone
870 2949 906 3012 in
940 2947 1065 3016 octabis
1103 2947 1345 3016 Purifieationis
1377 2951 1489 3019 Beatoe

266 3037 301 3071 ⁸¹¹
352 3038 373 3138 ,θ
436 3053 559 3130 Mai-iffi,
582 3072 670 3118 anno
704 3051 798 3138 regni
829 3050 915 3136 regis
940 3049 1086 3128 Henriei,
1109 3050 1172 3114 filii
1205 3052 1291 3140 regis
1317 3051 1491 3131 Mennis,

434 3153 707 3241 quinquagesimo
725 3152 875 3228 seeundo,
896 3171 1004 3218 eoram
1028 3149 1190 3218 Nieholao
1213 3153 1253 3218 de
1276 3151 1381 3232 Tuni,
1399 3151 1491 3220 Hen-

435 3257 502 3322 rieo
525 3256 566 3321 de
589 3253 782 3320 Monteforti
815 3254 855 3320 de
887 3251 1057 3338 Famleye,
1081 3255 1238 3340 magistro
1271 3253 1412 3322 Rieardo
1450 3257 1490 3322 de

437 3358 563 3436 Stenas,
587 3362 621 3422 et
650 3357 795 3423 Henrieo
819 3357 859 3422 de
895 3355 1145 3441 Wollamptone,
1168 3357 1364 3441 justiciariis
1392 3359 1490 3425 itine-

436 3460 595 3536 rantibus,
636 3465 671 3524 et
722 3459 796 3525 aliis
834 3457 959 3524 domini
997 3459 1083 3545 regis
1126 3459 1285 3538 fidelibus,
1325 3465 1406 3528 tune
1442 3463 1490 3527 ibi

437 3558 672 3648 presentium
703 3561 791 3626 inter
825 3559 1029 3626 Willelmum
1067 3561 1222 3627 abbatem
1259 3563 1300 3628 de
1338 3561 1491 3630 Malmea-

436 3663 534 3728 buria
570 3667 770 3748 querentem,
808 3665 843 3727 et
881 3661 1080 3728 Nisholaum
1118 3662 1225 3728 filium
1263 3663 1422 3730 Willelmi
1460 3667 1492 3732 le

438 3761 553 3830 Porter
577 3764 618 3828 de
640 3762 874 3828 Malmesburia
896 3768 931 3829 et
954 3763 1111 3844 Editham
1134 3785 1271 3830 uxorem
1293 3765 1364 3852 ejus
1386 3767 1490 3854 impe-

438 3866 575 3946 dientes,
599 3866 639 3930 de
663 3865 769 3929 tribus
792 3865 969 3951 mesuagiis
992 3871 1027 3930 et
1048 3885 1168 3932 novem
1190 3867 1274 3933 acris
1296 3872 1394 3935 terras
1415 3891 1492 3936 eum

437 3968 647 4056 pertinentiis
669 3969 706 4032 in
728 3967 885 4032 suburbio
907 3968 948 4033 de
971 3967 1212 4045 Malmeebun'a,
1233 3969 1389 4057 Fulenge‚
1411 3971 1496 4038 villa

437 4071 517 4138 Albi
533 4070 733 4147 Monasterii,
749 4076 783 4135 et
797 4069 973 4148 Waleeote,
989 4076 1024 4136 et
1039 4070 1127 4136 unde
1145 4071 1305 4157 placitum
1320 4075 1492 4140 warantiae

438 4180 538 4242 cartoe
570 4172 807 4238 summonitum
838 4171 905 4238 fuit
935 4173 1023 4238 inter
1061 4193 1125 4251 eos,
1161 4174 1197 4238 in
1228 4173 1343 4240 eadem
1380 4175 1493 4242 mnia:

439 4275 564 4344 scilieet
595 4273 682 4360 quod
713 4273 863 4359 praedicti
890 4273 1072 4370 Nisholaus
1095 4280 1129 4340 et
1152 4274 1277 4342 Editha
1298 4295 1496 4363 recognove-

439 4381 518 4444 runt
549 4375 708 4464 praedieta
738 4375 907 4462 mesuagia
944 4381 978 4442 et
1015 4382 1137 4442 terram
1173 4397 1250 4444 eum
1283 4377 1496 4464 pertinentiis

440 4501 509 4547 esee
538 4480 596 4566 jus
625 4477 730 4564 ipsius
761 4477 893 4544 abbatis
926 4483 962 4543 et
992 4478 1135 4546 eeclesiae
1166 4499 1235 4545 suas
1270 4478 1384 4548 Saneti
1410 4481 1493 4547 Ald-

438 4579 540 4648 helmi
556 4581 596 4647 de
612 4579 853 4659 Mnlmesburia,
869 4585 909 4646 ut
925 4580 985 4647 illa
1007 4602 1082 4667 quae
1104 4582 1192 4648 idem
1214 4581 1316 4650 abbas
1339 4588 1374 4650 et
1396 4583 1495 4652 eeele-

440 4685 489 4753 aia
511 4705 572 4750 sua
593 4684 753 4771 praedicta
780 4683 905 4750 habent
927 4683 969 4750 de
990 4685 1077 4751 dono
1099 4685 1244 4771 ipsorum
1268 4685 1434 4775 Nirbolay
1460 4695 1497 4756 et

441 4785 581 4854 Edithre.
628 4787 673 4853 Et
693 4807 753 4874 pro
775 4787 838 4855 bae
858 4787 1088 4882 reeognitione,
1112 4788 1183 4855 sive
1204 4789 1384 4872 eoneordia
1405 4791 1494 4858 idem
