3524 5808
678 887 857 940 sersrnux
880 891 917 940 11.
1261 873 1327 938 413

275 1073 329 1140 vel
351 1075 524 1152 audituris,
541 1073 726 1140 Wiilelmus
741 1073 805 1140 Dei
827 1075 936 1161 gratia
958 1075 1061 1141 abbas
1076 1071 1328 1150 Malmesburiae,
1341 1092 1368 1137 to
1381 1087 1471 1152 Agnes
1493 1035 1497 1040 .

275 1183 309 1243 et
327 1177 474 1264 ejusdem
495 1178 559 1244 loci
574 1182 764 1255 conventus,
780 1177 921 1244 salutem
937 1181 1096 1244 reternam
1119 1177 1155 1242 in
1175 1174 1328 1242 Domino.
1340 1153 1483 1272 fimf

275 1279 418 1345 Noverit
440 1280 639 1346 universitas
663 1284 774 1346 vestra
795 1301 855 1345 nos
878 1280 1072 1346 concessisse
1094 1299 1154 1366 pro
1175 1277 1271 1345 nobis
1294 1281 1458 1418 &iiiiii

1312 1401 1329 1444 r
1462 1391 1468 1406 .

276 1383 514 1450 successoribus
547 1383 679 1461 nostris,
707 1381 831 1470 Agneti
865 1381 1013 1468 Paynell,
1041 1403 1115 1467 quse
1148 1380 1214 1447 fuit
1244 1401 1311 1446 uxo

277 1486 427 1553 Gervasii
443 1486 484 1552 de
500 1485 666 1564 Wottcne,
682 1490 790 1552 totum
815 1483 899 1550 illud
914 1489 1141 1550 tenementum
1159 1489 1193 1550 et
1207 1487 1329 1550 terram

276 1611 350 1654 eum
382 1588 535 1654 omnibus
569 1588 637 1670 suis
661 1587 881 1675 pertinentiis,
909 1607 984 1672 quae
1011 1585 1181 1651 Arnaldus
1215 1585 1329 1651 Broun

276 1691 442 1776 quondam
473 1689 584 1758 tenuit
613 1690 650 1754 in
672 1689 755 1756 villa
778 1689 819 1754 de
851 1687 1001 1755 Foxham
1033 1688 1068 1752 in
1100 1687 1255 1774 parochie
1289 1687 1329 1752 de

196 1834 202 1842 -
277 1793 415 1872 Brem‘el,
449 1799 484 1859 et
520 1797 692 1879 pasturam
729 1791 774 1858 ad
811 1796 955 1876 quatuor
989 1791 1091 1856 boves
1124 1788 1179 1856 vel
1213 1809 1330 1856 vaccas

276 1901 393 1961 euntes
425 1917 500 1962 cum
533 1894 637 1960 bobus
669 1893 723 1959 vel
747 1893 856 1960 vaccis
888 1892 1022 1971 nostris,
1044 1893 1270 1978 ingredientes
1296 1895 1331 1956 et

277 2001 480 2086 egredientes
511 2021 586 2065 cum
620 1997 743 2063 eisdem
774 1997 811 2060 in
844 1997 999 2061 omnibus
1033 1995 1178 2082 pasturis
1200 1995 1330 2072 nostris,

276 2108 396 2188 praeter
418 2101 651 2187 curtillagium,
674 2097 872 2185 gardinum¹
897 2105 931 2164 et
960 2099 1094 2166 boscum
1117 2103 1266 2166 nostrum
1290 2096 1330 2163 de

277 2205 389 2269 eadem
420 2203 502 2269 villa
533 2203 574 2268 de
606 2201 765 2267 Foxham.
829 2201 1056 2266 Concessimus
1088 2199 1189 2265 etiam
1223 2198 1330 2265 eidem

277 2307 400 2394 Agneti
432 2327 535 2371 unum
572 2305 753 2370 bussellum
776 2303 936 2370 frumenti
958 2303 1108 2389 qualibet
1138 2303 1330 2388 septimana,

276 2409 523 2497 percipiendum
538 2406 712 2473 annuatim
735 2405 772 2470 in
794 2405 940 2472 manerio
962 2410 1075 2471 nostro
1098 2405 1139 2470 de
1162 2403 1330 2483 Foxham3

277 2518 311 2578 et
333 2511 482 2598 quolibet
496 2531 592 2592 anno,
610 2514 752 2596 quatuor
768 2513 948 2576 carectatas
970 2507 1080 2576 buscae
1102 2507 1328 2595 percipiendas

278 2617 314 2681 in
336 2616 434 2681 bosco
449 2618 564 2680 nostro
578 2612 637 2699 qui
652 2616 792 2678 vocatur
808 2610 1039 2698 Bremelgrove
1062 2611 1172 2696 quoad
1188 2611 1313 2676 vixerit
1323 2623 1358 2680 :t
1373 2627 1412 2679 1⁷.

276 2718 439 2796 videlicet,
474 2716 564 2782 inter
594 2715 717 2782 festum
748 2713 883 2781 Paschae
919 2719 954 2780 et
985 2713 1110 2780 festum
1139 2713 1329 2781 nativitatis

278 2821 391 2888 Sancti
413 2818 577 2886 Johannis
599 2817 769 2905 Baptistae.
815 2816 860 2882 Et
883 2822 959 2903 post
982 2816 1148 2884 decessum
1163 2817 1330 2905 praedi'ctae

277 2923 416 3010 Agnetis
439 2926 542 2988 cesset
570 2919 723 2987 liberatio
755 2919 907 3007 praedicti
937 2919 1072 2986 busselli
1103 2920 1264 2986 frumenti
1294 2927 1329 2986 et

276 3026 393 3091 buseae.
436 3024 492 3089 Ita
505 3028 619 3089 temen
635 3023 723 3108 quod
738 3023 932 3110 praedictum
948 3026 1174 3088 tenementum
1190 3028 1224 3088 et
1246 3043 1330 3109 prae-

277 3128 366 3193 dicta
395 3130 493 3204 terra,
515 3146 591 3192 cum
607 3125 760 3192 omnibus
783 3127 851 3190 suis
878 3125 1089 3212 pertinentiis
1115 3129 1150 3190 et
1171 3125 1331 3210 praedicta

277 3237 420 3318 pastura,
451 3231 579 3316 integre
603 3233 796 3294 remaneant
818 3228 958 3295 Ricardo
981 3227 1049 3293 iilic
1072 3228 1239 3314 prredictae
1262 3228 1330 3315 Ag-

278 3337 374 3413 netis,
397 3335 579 3402 tenendum
603 3334 644 3400 de
667 3333 762 3399 nobis
794 3339 828 3400 et
859 3333 1099 3400 successoribus
1131 3332 1253 3398 nostris
1286 3333 1331 3398 ad

277 3443 381 3504 totam
397 3438 503 3502 vitam
526 3436 676 3522 praedicti
700 3435 834 3502 Ricardi
856 3435 967 3514 libere,
983 3435 1102 3520 quiete,
1117 3435 1210 3514 bene,
1233 3440 1268 3502 et
1294 3435 1330 3500 in

277 3561 374 3627 psce;
405 3539 571 3605 reddendo
603 3539 680 3603 inde
711 3537 885 3603 annuatim
919 3538 1015 3603 nobis
1037 3527 1079 3603 et
1093 3537 1330 3605 successoribus

276 3641 456 3708 nostrised
478 3642 599 3706 festum
621 3641 812 3707 nativitatis
836 3639 951 3707 Sancti
973 3639 1136 3707 Johennis
1159 3639 1330 3726 Baptistae,

277 3767 378 3811 unam
412 3765 518 3810 rosam
552 3767 612 3830 pro
647 3743 800 3810 omnibus
838 3743 994 3821 serviciis,
1030 3743 1257 3810 exactionibus
1295 3749 1331 3810 et

278 3845 454 3914 demendis.
526 3846 597 3912 Nec
628 3846 729 3912 liceat
764 3846 921 3933 praedicto
960 3844 1101 3911 Ricardo
1135 3845 1331 3932 praedictum

277 3951 502 4017 tenementum
534 3969 595 4014 nec
625 3953 747 4014 terram
780 3971 855 4014 cum
887 3947 955 4012 suis
988 3947 1197 4034 pertinentiis
1231 3949 1331 4016 alicui

276 4052 443 4117 dimittere
477 4072 537 4116 nec
570 4051 735 4136 praedictis
766 4049 882 4116 abbati
917 4055 951 4115 et
982 4049 1220 4117 successoribus
1253 4053 1330 4118 suis.

277 4154 321 4219 Et
343 4158 419 4240 post
434 4154 601 4219 decessum
624 4152 858 4238 praedictorum
873 4151 1014 4238 Agnetis
1034 4156 1069 4218 et
1090 4151 1226 4220 Ricardi
1247 4176 1331 4241 prse-

278 4257 404 4322 dictum
437 4259 663 4320 tenementum
697 4259 733 4320 et
764 4253 925 4341 praedicta
957 4259 1046 4321 terra
1080 4276 1154 4322 cum
1178 4257 1331 4324 omnibus

277 4359 344 4425 suis
375 4356 594 4445 pertinentiis,
627 4377 695 4423 una
730 4379 807 4423 cum
836 4357 997 4444 praedicta
1019 4361 1165 4444 pastura,
1196 4359 1240 4424 ad
1270 4381 1330 4426 nos

278 4469 312 4528 et
334 4483 530 4528 successores
561 4463 690 4526 nostros
719 4461 868 4548 plenarie
895 4467 930 4526 et
952 4461 1080 4548 integre
1110 4466 1330 4531 revertantur.

279 4563 321 4630 In
351 4564 445 4650 cujus
476 4563 524 4630 rei
554 4563 782 4629 testimonium
813 4565 971 4652 praesenti
1005 4563 1127 4651 scripto
1156 4564 1330 4632 indentato

279 4667 424 4754 sigillum
446 4671 597 4733 nostrum
619 4687 694 4732 cum
717 4665 826 4753 sigillo
849 4666 987 4753 capituli
1009 4665 1122 4746 nostri,
1144 4671 1204 4734 etc

595 4843 603 4876 ¹
615 4841 760 4912 perdicam]
777 4843 903 4912 garinum,
913 4843 940 4894 in
953 4843 1010 4896 MS.
