3578 5808
557 891 758 943 armemur
782 889 1109 942 nausmsnumnuss.
1296 875 1360 939 103

348 1079 392 1145 Et
415 1084 454 1144 ut
476 1079 548 1146 haec
571 1102 646 1146 mea
670 1082 807 1148 donatio
830 1087 865 1146 et
898 1081 1065 1146 concessio
1088 1082 1249 1166 perpetua
1280 1099 1360 1164 gau-

298 1183 377 1248 deat
399 1181 565 1260 firmitate,
589 1183 690 1270 sigilli
714 1184 779 1248 mei
803 1184 1020 1270 impressione
1043 1203 1116 1247 eam
1141 1179 1362 1246 corroboravi.

704 1452 783 1520 Car.
810 1449 955 1522 CCXLI.

300 1607 402 1675 Uultu
440 1609 586 1675 chrioi
615 1609 694 1695 filit
732 1608 961 1674 Bortlrotorrwi
993 1605 1091 1692 foetu
1129 1603 1289 1672 detonat
1320 1601 1360 1671 cle
1398 1671 1402 1678 ,

720 1711 931 1778 Tremeaetas.

344 1860 459 1926 Sciant
480 1867 658 1946 praesentes
680 1865 715 1926 e
701 1860 849 1926 tfuturi
881 1861 969 1946 quod
999 1882 1059 1947 ego
1083 1859 1247 1926 Henrieus
1269 1859 1359 1926 filius
1373 1865 1474 1918 salsos

299 1961 522 2029 Bartholomei
557 1965 597 2030 de
633 1963 848 2043 Quemerlord
890 1963 967 2027 dedi
1000 1967 1034 2028 et
1066 1963 1216 2038 concessi,
1240 1966 1275 2027 et
1296 1931 1468 2063 hastam}
1476 1937 1521 2053 3⁰

297 2070 387 2130 carta
409 2087 483 2131 mea
509 2065 710 2142 confirmavi,
733 2065 881 2131 Johanni
905 2066 947 2130 de
978 2065 1188 2132 Tremenetes
1211 2085 1358 2152 personae
1371 2067 1506 2132 Banpton

298 2165 338 2231 de
386 2165 578 2253 Bamptone,
615 2189 674 2254 pro
712 2167 935 2254 quadraginta
973 2167 1088 2233 solidis
1126 2167 1358 2254 sterlingorum

298 2291 379 2354 quos
401 2269 486 2334 mihi
510 2271 604 2336 dedit
641 2271 677 2334 in
710 2291 940 2357 gersummam,
965 2273 1071 2335 totam
1105 2269 1242 2336 croftam
1266 2269 1358 2334 illam

298 2392 372 2436 eum
396 2373 549 2438 omnibus
588 2373 799 2458 pertinentiis
829 2373 899 2436 suis
933 2394 1007 2457 quae
1033 2371 1124 2457 jacet
1141 2372 1243 2456 juxta
1265 2393 1357 2437 man·

296 2475 421 2540 sionem
438 2497 537 2560 quam
550 2475 736 2541 Everardus
752 2474 918 2560 Aldwyne
934 2474 973 2539 de
989 2473 1166 2557 poraballe
1180 2473 1358 2560 aliquando

297 2577 407 2641 tenuit
429 2599 471 2643 ex
493 2583 588 2664 parte
620 2577 817 2645 occidentis:
850 2578 1036 2643 habendam
1060 2583 1094 2642 et
1116 2577 1293 2642 tenendam
1317 2577 1482 2642 detruso.

298 2701 349 2745 me
372 2682 462 2746 etde
485 2681 661 2748 heredibus
685 2682 774 2760 meis,
791 2683 1029 2768 praenominato
1048 2680 1194 2746 Johanni
1210 2686 1244 2746 et
1266 2680 1358 2747 here-

298 2782 394 2850 dibus
418 2786 487 2850 suis
521 2791 555 2851 et
587 2807 700 2852 eorum
732 2785 917 2872 assignatis,
940 2785 1050 2862 libere,
1075 2785 1195 2871 quiete,
1222 2785 1358 2870 integre,

297 2887 379 2954 bene
411 2895 446 2954 et
479 2889 515 2953 in
546 2911 646 2976 puce;
678 2888 845 2955 reddendo
883 2888 960 2954 inde
998 2889 1171 2953 annuatim
1210 2887 1293 2950 mihi
1325 2892 1359 2951 et
1468 2895 1473 2902 '

296 2988 470 3058 heredibus
494 2992 574 3056 meis
598 3013 701 3056 unum
733 2991 904 3057 denarium
927 2991 970 3056 ad
994 2989 1218 3055 Nativitatem
1242 2989 1357 3055 Sancti

296 3092 457 3160 Johennis
481 3093 651 3182 Baptistae,
674 3116 733 3181 pro
756 3095 846 3160 omni
869 3093 1007 3159 servicio
1031 3098 1066 3158 et
1095 3092 1231 3159 seculari
1262 3113 1356 3158 exae-

297 3198 395 3262 tione.
442 3197 512 3283 Ego
537 3219 616 3262 vero
642 3197 806 3263 Henricus
837 3202 872 3261 et
901 3195 1036 3261 heredes
1068 3196 1132 3260 mei
1163 3195 1357 3260 warantiza-

296 3298 412 3376 bimus,
447 3298 717 3384 acquietabimus,
750 3303 785 3364 et
830 3304 1038 3386 protegemus
1076 3301 1181 3363 totam
1219 3298 1356 3362 crostam

295 3401 487 3487 praedictam
518 3423 593 3467 cum
620 3402 772 3468 omnibus
795 3401 1005 3488 pertinentiis
1028 3401 1095 3466 suis
1118 3400 1357 3488 praenominato

296 3504 442 3571 Johanni
466 3510 500 3570 et
522 3503 698 3570 heredibus
723 3505 799 3582 sule,
832 3510 999 3570 eteorum
1034 3503 1219 3590 assignatis,
1242 3507 1358 3568 contra

295 3629 407 3673 omnes
429 3606 579 3672 homines
602 3611 636 3671 et
659 3607 806 3684 feminas,
830 3605 1105 3694 perpraedictum
1128 3605 1305 3671 redditum.

340 3709 385 3774 Et
407 3714 447 3774 ut
469 3709 540 3775 haec
563 3729 636 3775 meo
659 3709 794 3775 donatio
824 3714 859 3773 et
881 3708 1044 3774 concessio
1074 3713 1148 3774 rats
1170 3713 1204 3773 et
1227 3708 1354 3774 stabilis

297 3835 426 3900 semper
456 3818 659 3899 permaneat,
684 3817 877 3898 praesentem
911 3816 1036 3878 cartmn
1071 3810 1172 3898 sigilli
1204 3812 1269 3877 mei
1292 3813 1355 3876 im-

295 3915 461 4002 pressione
484 3915 644 3981 roboravi.

696 4167 775 4233 OAP.
800 4165 963 4234 COXLII.

364 4321 467 4386 Carta
493 4317 598 4387 Oriet'
571 4327 655 4386 traca
682 4318 722 4386 de
749 4319 919 4388 Huddoae
944 4319 984 4386 de
1008 4319 1054 4402 la
1066 4317 1275 4387 Blulrcloudc.

340 4473 455 4539 Sciant
487 4444 665 4560 praesentes
700 4479 734 4539 et
766 4474 869 4538 futuri
905 4475 994 4560 quod
1028 4496 1087 4561 ego
1126 4474 1273 4540 Cristina
1311 4475 1351 4540 de
1365 4477 1522 4598 gppplpgde

292 4575 457 4642 Haddone
486 4575 571 4653 dedi,
606 4577 759 4654 concessi,
792 4581 827 4641 et
813 4575 932 4642 thae
967 4577 1122 4662 praesenti
1155 4583 1247 4642 carta
1279 4599 1446 4665 meumstle

290 4678 493 4755 confirmavi,
517 4679 588 4744 Deo
611 4685 645 4744 et
667 4679 809 4746 ccclesiae
832 4679 928 4744 Beati
943 4679 1110 4745 Aldhelmi
1135 4680 1175 4745 de
1202 4679 1352 4744 Malmes-
1365 4681 1455 4747 abbey

288 4782 396 4858 buria,
427 4786 463 4846 et
496 4781 663 4848 Willelmo
696 4781 820 4858 abbati,
852 4788 887 4848 et
920 4781 1089 4847 monachis
1123 4781 1246 4847 ibidem
1282 4781 1354 4848 Deo
