3524 5808
526 923 724 976 naemreuu
748 920 1070 972 unanasuunrausn
1259 907 1324 971 327

271 1115 386 1181 robam
418 1115 482 1180 sibi
513 1114 688 1180 annuatim
727 1113 920 1189 faciendam,
955 1111 1008 1177 vel
1043 1111 1190 1198 precium
1222 1131 1324 1175 unam

273 1240 416 1284 marcam
450 1218 587 1303 argenti.
636 1215 847 1281 Oontulimus
881 1215 989 1280 eidem
1023 1235 1125 1279 unam
1159 1212 1324 1299 pelliciam

272 1321 373 1405 precii
406 1319 508 1383 trium
550 1318 728 1383 solidorum
770 1323 804 1382 et
845 1317 944 1383 etiarn
989 1322 1056 1381 tres
1088 1315 1183 1380 ulnas
1221 1312 1324 1399 panni

271 1421 402 1486 honesti
425 1427 539 1486 contra
562 1419 704 1500 Pascha;
726 1425 761 1485 et
783 1441 858 1486 oum
874 1418 1098 1484 oblationibus
1122 1418 1175 1482 die
1192 1415 1324 1481 Natalis

273 1521 407 1588 Domini
432 1545 535 1587 unum
558 1521 739 1597 denarium,
771 1527 806 1586 et
840 1521 893 1585 die
916 1519 1169 1594 Purilieat'ronis,
1204 1523 1238 1582 et
1270 1517 1324 1582 die

277 1623 418 1690 Paschae.
476 1623 640 1689 Habenda
673 1627 708 1688 et
745 1623 897 1699 tenenda,
933 1626 969 1703 et
1001 1620 1215 1707 percipienda
1253 1624 1325 1684 tota

272 1727 513 1812 praenominata
541 1747 616 1790 euru
638 1725 707 1790 suis
737 1725 958 1809 pertinentiis,
981 1724 1087 1789 eidem
1120 1721 1262 1787 Ernulfo
1290 1727 1325 1786 et

271 1828 340 1892 suis
354 1827 530 1892 heredibus
556 1826 722 1913 legitimis,
745 1827 786 1891 de
809 1826 904 1892 nobis
927 1839 962 1891 et
984 1825 1225 1892 successoribus
1249 1845 1324 1890 uos-

272 1930 341 2005 tris,
369 1929 479 2002 libere,
514 1929 634 2012 quiete,
668 1928 752 1992 bene
784 1933 818 1992 et
852 1929 981 2014 integre
1008 1929 1255 2014 imperpetuum
1289 1932 1324 1992 et

272 2033 308 2096 in
338 2054 425 2118 pace,
448 2032 571 2116 absque
594 2031 684 2096 omni
719 2031 888 2108 servitute,
921 2036 955 2094 et
977 2031 1100 2116 absque
1133 2031 1223 2095 omni
1258 2051 1323 2096 ser·

271 2134 332 2198 vili
370 2133 567 2210 conditione,
599 2138 633 2196 et
666 2133 766 2197 etiam
805 2133 901 2200 sectis
935 2138 970 2197 et
1001 2132 1201 2198 omnimodis
1239 2132 1323 2210 aliis,

272 2257 476 2321 quocumque
508 2223 640 2299 nomine
672 2240 873 2312 censeantur,
906 2235 1060 2310 serviciis,
1095 2240 1129 2298 et
1159 2234 1202 2299 ab
1233 2234 1323 2298 omni

271 2337 408 2402 seculari
432 2337 601 2401 demanda.
649 2335 693 2399 Et
727 2358 786 2402 nos
818 2342 852 2400 et
884 2358 1080 2400 successores
1114 2337 1218 2400 nostri
1253 2341 1324 2400 tota

271 2439 511 2523 praenominata
560 2459 633 2502 cum
666 2437 818 2501 omnibus
857 2439 924 2502 suis
966 2437 1175 2522 pertinentiis
1225 2443 1324 2522 prout

271 2539 400 2625 plenius
431 2539 625 2604 distinctum
661 2544 718 2610 est,
742 2539 981 2622 praenominato
1012 2539 1152 2603 Ernulfo
1187 2543 1221 2604 et
1255 2539 1323 2602 suis

271 2641 446 2706 heredibus
485 2639 538 2704 vel
594 2639 770 2724 assignatis
816 2639 973 2724 legitimis
1026 2640 1322 2716 warantizabimus,

271 2742 532 2830 acquietabimus
555 2747 590 2804 et
620 2740 842 2816 defendemus,
877 2745 975 2826 prout
1006 2741 1170 2825 quondam
1205 2740 1322 2807 Petrus

270 2845 372 2911 abbas
388 2843 482 2908 bones
506 2842 680 2919 memoriae,
700 2841 917 2928 praedeeessor
939 2848 1058 2918 noster,
1073 2848 1183 2908 motus
1199 2843 1322 2929 pietate

271 2948 334 3012 sibi
374 2945 566 3031 recognovit
609 2951 644 3009 et
681 2945 841 3010 concessit
889 2944 1133 3011 fraternitatem
1179 2945 1322 3013 ecelesiae

270 3055 401 3116 nostrae.
453 3047 497 3110 Et
529 3046 573 3111 ad
610 3046 758 3110 omnium
796 3045 1029 3130 praedictorum
1061 3047 1322 3124 ratificationem,

271 3151 490 3226 securitatem,
506 3154 540 3214 et
563 3148 781 3214 stabilitatem
802 3146 1051 3226 observandam,
1066 3149 1164 3215 istam
1180 3171 1323 3235 praesen-

271 3261 338 3320 tem
362 3259 487 3320 eartam
511 3251 687 3338 pronubis
710 3251 1005 3316 etsuccessoribus
1037 3253 1167 3328 nostris,
1190 3253 1253 3316 sibi
1288 3261 1323 3318 et

271 3357 340 3420 suis
374 3354 551 3420 heredibus
585 3353 730 3429 fecimus,
769 3353 819 3416 ita
850 3353 938 3438 quod
971 3358 1117 3438 tempore
1151 3354 1322 3438 eujusdam

272 3457 361 3522 Petri
385 3456 517 3522 Morant
540 3455 785 3540 praedecessoris
809 3456 923 3530 nostri,
954 3462 1034 3520 tuuc
1068 3456 1206 3532 abbatia,
1240 3479 1322 3544 pree-

270 3559 379 3625 dictus
418 3557 586 3632 Ernulfus,
622 3578 690 3622 una
721 3579 795 3622 cum
831 3558 975 3623 Roberto
1002 3558 1072 3623 filio
1107 3580 1175 3635 suo,
1214 3566 1322 3625 totum

269 3665 497 3725 tenementum
521 3681 617 3722 suum
641 3663 676 3724 et
699 3663 807 3723 totum
825 3659 883 3742 jus
906 3680 1003 3724 suum
1027 3659 1068 3723 de
1101 3658 1321 3738 Chelewrthe,

271 3783 345 3827 eum
385 3760 537 3826 omnibus
576 3759 794 3844 pertinentiis,
833 3760 981 3824 caritatis
1019 3761 1148 3825 intuitu
1179 3763 1323 3829 ecclesiae

272 3867 393 3926 nostrae
415 3866 627 3935 concesserat,
650 3864 689 3922 ut
712 3880 825 3923 eorum
849 3861 979 3937 animae,
1003 3867 1038 3925 et
1070 3867 1322 3942 antecessorum,

272 3963 309 4026 in
331 3964 488 4028 memoria
510 3967 624 4026 nostra
658 3983 734 4026 cum
757 3962 873 4027 ceteris
908 3962 1174 4029 benefactoribus
1206 3967 1323 4032 domus

272 4073 392 4130 nostrae
412 4071 569 4151 perpetue
584 4063 792 4129 haberentur.
840 4064 964 4129 Omnes
986 4066 1087 4131 etiam
1104 4067 1322 4152 qui1dieeam

272 4167 500 4232 liberationem
524 4188 596 4232 eum
622 4166 719 4230 rebus
742 4165 940 4252 praescriptis
963 4167 999 4229 in
1014 4171 1086 4231 toto
1109 4169 1162 4233 vel
1178 4169 1213 4233 in
1229 4176 1323 4256 parte

273 4268 459 4333 detinentes
485 4268 538 4332 vel
565 4267 797 4342 diminuentes,
816 4267 881 4331 Dei
904 4267 1168 4354 indignationem
1191 4278 1226 4335 et
1249 4275 1322 4337 uni-

272 4371 409 4436 versalis
432 4391 532 4436 sacrae
556 4369 700 4436 ecclesiae
724 4370 1097 4436 excommunicationem
1123 4373 1251 4459 jugiter
1272 4377 1324 4438 in-

273 4480 414 4538 currant.
462 4473 507 4537 Et
528 4472 556 4536 si
580 4493 601 4536 a
623 4469 752 4536 duobus
775 4471 828 4536 vel
852 4473 959 4537 tribus
994 4473 1150 4539 fratribus
1183 4496 1324 4542 commo·
1339 4479 1357 4527 f.
1370 4481 1428 4530 2⁸⁷·

272 4576 364 4640 nitus
396 4599 416 4641 a
453 4576 711 4660 praesumptione
748 4596 873 4641 cessare
911 4576 1065 4654 noluerit,
1103 4600 1123 4644 a
1161 4580 1325 4644 consortio

272 4683 385 4744 nostro
408 4679 454 4742 sit
475 4683 655 4763 separatus.
701 4677 751 4743 Ut
774 4676 845 4744 haec
871 4683 984 4744 autem
1008 4685 1120 4744 nostra
1154 4683 1329 4760 concessio,

847 4821 939 4829 -—--
1213 4825 1317 4837 Q„-

705 4879 870 4934 ¹sicinlld8.
