3578 5808
456 889 498 952 50
707 901 904 952 anorsrnuu
928 900 1250 952 nmunssnnmrsn.

455 1087 526 1152 bati
561 1091 596 1154 et
636 1086 815 1152 conventui
846 1086 887 1150 de
922 1084 1164 1164 Malmesburin,
1195 1085 1284 1170 quod
1323 1104 1506 1170 numquam

455 1189 535 1274 ipsis
565 1188 801 1273 impedimento
825 1188 954 1264 crimus,
982 1186 1036 1251 vel
1067 1209 1125 1272 per
1155 1208 1215 1251 nos
1245 1187 1299 1252 vel
1330 1207 1389 1272 per
1418 1187 1508 1263 alios,

456 1313 521 1376 quo
551 1290 656 1376 magis
683 1290 758 1374 jure
789 1294 984 1376 patronatus
1022 1289 1110 1374 quod
1148 1289 1275 1354 habent
1305 1291 1341 1353 in
1372 1291 1508 1356 decimis

456 1394 497 1459 de
527 1393 690 1458 dominico
721 1414 793 1457 meo
831 1393 872 1456 de
902 1391 1118 1478 Lamihangel
1155 1392 1226 1456 sive
1264 1393 1421 1478 pensione
1452 1393 1509 1456 vii.

456 1495 512 1560 sol.
543 1517 581 1560 eo
612 1495 743 1558 nomine
768 1495 890 1559 eisdem
918 1495 1091 1559 annuatim
1118 1493 1161 1558 ab
1186 1515 1225 1558 co
1252 1494 1309 1578 qui
1341 1514 1400 1579 pro
1427 1499 1510 1559 tcm-

456 1618 534 1684 porc
550 1597 684 1662 decimis
707 1596 913 1661 obtinuerint
935 1595 1165 1661 solvendorum
1189 1595 1433 1672 defraudentur,
1456 1595 1510 1660 vel

456 1699 567 1785 aliquo
597 1698 694 1763 modo
724 1699 890 1763 occasione
917 1697 1050 1763 illarum
1077 1719 1135 1783 per
1157 1719 1210 1761 me
1238 1696 1292 1761 vel
1328 1719 1387 1782 per
1421 1717 1510 1761 meos

455 1801 678 1866 molestentur.
733 1800 828 1864 Istud
859 1800 958 1864 etiam
985 1799 1072 1864 idem
1103 1819 1163 1884 pro
1193 1803 1305 1863 meet
1335 1798 1510 1863 heredibus

456 1904 547 1979 meis,
565 1924 624 1967 nos
647 1903 891 1987 imperpetuum
915 1900 1059 1966 fideliter
1079 1901 1319 1977 observaturos,
1343 1900 1413 1965 sine
1434 1899 1509 1965 dolo

455 2011 490 2069 et
521 2004 644 2080 froude,
674 2005 773 2068 tactis
815 2005 1030 2068 sacrosanctis
1068 2003 1190 2088 juravi.
1247 2001 1288 2065 In
1331 2002 1424 2088 cujus
1462 2003 1510 2066 rei

458 2107 681 2171 testimonium
721 2111 755 2169 et
784 2106 955 2169 munimen
997 2105 1153 2190 praesenti
1191 2104 1321 2190 paginae
1364 2102 1509 2189 sigillum

455 2231 565 2274 meum
588 2209 735 2294 apposni.
781 2207 857 2270 Hiis
880 2207 1030 2283 testibus,
1046 2212 1105 2272 cto.

863 2473 942 2538 Cir.
966 2471 1094 2539 CXCV.

456 2641 561 2707 Ourtu
598 2637 772 2708 Johonois
812 2640 943 2706 <obbatis
978 2639 1074 2726 foetu
1105 2638 1270 2725 Philippo
1306 2638 1429 2704 Mortel
1470 2639 1511 2704 dc

489 2744 750 2830 proescnlotc‘orte
766 2742 935 2829 faciendo
957 2742 1005 2806 ool
1028 2741 1176 2806 (lecimus
1199 2741 1238 2804 cle
1261 2740 1471 2825 Lomiooqel.

501 2895 675 2960 Universis
691 2896 816 2962 Christi
839 2895 993 2960 fidelibus
1016 2895 1059 2959 ad
1084 2915 1166 2979 quos
1189 2915 1332 2978 praesens
1351 2893 1510 2978 scriptum

359 3003 365 3015 '
456 2999 652 3082 pervenerit,
681 2995 711 3060 J.
736 2995 799 3061 Dei
824 2996 932 3081 gratio
963 2996 1064 3060 abbas
1088 2993 1331 3059 Malmesburiee
1361 2999 1396 3058 et
1426 2994 1511 3079 ejus-

456 3099 530 3164 dem
559 3099 621 3164 loci
647 3104 831 3164 conventus
855 3097 995 3161 salutem
1015 3099 1051 3161 in
1074 3096 1225 3161 Domino.
1272 3096 1415 3184 Noverit
1436 3099 1510 3161 uni-

457 3202 594 3266 versitas
636 3207 747 3266 vestra
778 3220 837 3263 nos
877 3199 1028 3262 unanimi
1068 3219 1225 3263 consensu
1264 3203 1299 3263 et
1338 3197 1510 3264 voluntate

454 3305 647 3369 concessisse
678 3301 832 3386 Philippo
864 3300 983 3365 Mertel
1024 3304 1059 3364 et
1099 3299 1274 3364 heredibus
1313 3300 1390 3376 suis,
1423 3301 1511 3384 quod

454 3427 530 3471 cum
561 3407 643 3470 duas
674 3409 785 3490 partes
816 3404 1018 3468 decimarum
1051 3402 1092 3466 de
1122 3402 1285 3466 dominico
1315 3423 1383 3478 suo,
1423 3403 1511 3486 quod

455 3513 505 3572 est
529 3509 570 3572 de
595 3508 689 3572 feodo
716 3512 829 3572 nostro
856 3505 897 3570 dc
926 3503 1150 3590 Lamihangel,
1172 3505 1208 3567 in
1230 3503 1350 3588 quibus
1370 3504 1426 3587 jus
1454 3525 1511 3588 pa·

414 3663 420 3678 .
454 3614 605 3673 tronatus
630 3607 750 3672 habere
778 3607 987 3684 dinoscimur,
1012 3627 1129 3670 vacare
1156 3604 1340 3690 contigerit,
1364 3625 1419 3669 ees
1441 3605 1509 3669 cui-

454 3730 592 3795 cumque
623 3731 664 3774 cx
702 3709 771 3772 suis
802 3709 953 3786 voluerit,
994 3706 1171 3772 dummodo
1212 3727 1351 3792 persona
1392 3705 1511 3771 idonea

454 3812 564 3889 fuerit,
588 3811 802 3886 conferemus,
826 3815 860 3874 et
887 3808 1070 3875 venerabili
1095 3809 1183 3894 patri
1208 3807 1415 3872 Landavensi
1442 3807 1510 3892 epi-

455 3934 552 3998 scopo
586 3915 695 4000 ipsum
733 3913 768 3975 in
800 3912 922 3976 eisdem
949 3911 1193 3975 instituendum
1228 3908 1508 3996 praesentabimus,

455 4015 548 4080 salva
569 4015 666 4080 nobis
688 4035 800 4080 annua
823 4013 879 4078 vii.
904 4013 961 4078 sol.
984 4014 1149 4098 pensione,
1165 4011 1207 4077 ab
1230 4033 1269 4077 eo
1291 4011 1349 4096 qui
1372 4030 1427 4076 ees
1449 4032 1509 4096 pro

455 4123 601 4203 tempore
647 4116 839 4192 obtinuerit,
894 4117 1137 4200 imperpetuum
1184 4116 1219 4178 in
1265 4113 1349 4180 festo
1395 4112 1508 4178 Sancti

456 4219 636 4294 Michaelis,
659 4217 749 4302 apud
774 4215 999 4302 Lomihangeh
1015 4215 1111 4280 nobis
1134 4215 1225 4279 omni
1248 4219 1395 4280 cessante
1418 4235 1510 4280 oeca-

452 4321 551 4398 sione,
576 4319 814 4385 solvendorum.
862 4318 959 4398 Quod
986 4322 1026 4383 ut
1047 4323 1157 4381 ratum
1180 4317 1225 4381 sit
1251 4322 1286 4382 et
1311 4322 1508 4403 perpetuum

453 4421 553 4487 robur
586 4420 755 4486 firmitatis
790 4420 948 4505 optineat,
971 4419 1057 4484 hanc
1090 4423 1214 4483 cartam
1245 4417 1276 4482 ei
1305 4417 1444 4483 fecimus
1474 4423 1509 4481 et

390 4594 397 4606 Δ,
452 4521 561 4608 sigillo
587 4522 754 4588 communi
777 4521 892 4586 domus
914 4527 1036 4587 nostrae
1061 4519 1296 4586 roboravimus.
1342 4519 1420 4584 Hiis
1442 4525 1507 4585 tes-

449 4625 547 4703 tibus,
571 4631 630 4692 etc
