3566 5820
468 899 530 966 196
719 915 917 964 unorsrsuu
940 913 1261 964 uinumsuarsusa

465 1102 625 1190 angulum
658 1101 816 1168 borialom
854 1100 944 1166 bosci
976 1100 1017 1165 de
1049 1099 1228 1188 Rudinges,
1254 1101 1356 1186 juxta
1392 1105 1515 1168 terram

466 1206 632 1294 quondam
655 1204 789 1270 Milonis
813 1205 854 1269 de
878 1201 1022 1269 Bathon'
1046 1203 1083 1268 in
1106 1208 1203 1290 parte
1225 1203 1365 1278 boriali:
1387 1203 1515 1271 haben-

467 1309 543 1376 dam
566 1313 601 1374 et
622 1307 800 1374 tenendam
822 1311 928 1373 totam
951 1305 1142 1392 predictam
1165 1311 1287 1372 terram
1310 1329 1384 1372 cum
1410 1307 1515 1372 omni·

466 1413 529 1477 bus
551 1410 761 1498 pertinentiis
787 1411 866 1492 suis,
889 1409 1056 1496 praedictis
1086 1409 1201 1476 abbati
1223 1415 1258 1476 et
1280 1411 1458 1477 conventui
1481 1415 1515 1476 et

468 1535 581 1581 eorum
605 1513 850 1591 successoribus,
884 1513 994 1591 libere,
1030 1514 1150 1598 quiete,
1184 1513 1267 1579 bene
1290 1518 1324 1580 et
1357 1514 1394 1578 in
1426 1533 1514 1599 paee,

467 1618 717 1705 imperpetuum
756 1616 819 1681 Pro
841 1615 904 1682 hae
925 1621 1038 1681 autem
1060 1615 1237 1682 donatione
1256 1620 1291 1682 et
1312 1616 1515 1682 concessione

467 1744 541 1789 mea
564 1722 727 1788 dederunt
749 1719 849 1785 michi
872 1719 1024 1805 praedicti
1047 1719 1148 1785 abbas
1171 1723 1205 1784 et
1228 1724 1409 1785 conventus
1433 1719 1515 1784 duas

468 1845 593 1890 marcas
616 1823 744 1909 argenti
760 1841 827 1908 prae
856 1821 1016 1888 manibus.
1063 1821 1107 1885 Et
1123 1843 1182 1908 ego
1205 1821 1373 1886 Galfridus
1396 1825 1430 1886 et
1460 1820 1517 1885 he·

469 1927 562 1992 redes
584 1925 657 2005 mei,
681 1929 786 1990 totam
808 1923 999 2010 praedictam
1023 1927 1146 1988 terram
1177 1945 1250 1990 eum
1273 1924 1424 1990 omnibus
1447 1923 1515 1987 suis

468 2027 687 2116 pertinentiis,
709 2026 877 2113 praedictis
907 2026 1023 2092 abbati
1045 2031 1080 2090 et
1102 2026 1288 2102 conventui,
1311 2029 1425 2090 contra
1447 2046 1515 2090 om-

468 2154 526 2197 nes
560 2129 714 2196 mortales
747 2130 989 2216 imperpetuum
1024 2128 1319 2206 warantizabimus,
1350 2127 1517 2213 acquieta-

469 2236 577 2300 bimus
600 2238 634 2300 et
656 2233 876 2299 defendemus.
916 2231 960 2295 Et
982 2236 1021 2296 ut
1042 2232 1114 2297 haee
1133 2253 1207 2297 mea
1228 2230 1361 2296 donatio
1384 2235 1418 2294 et
1440 2253 1516 2295 oon·

469 2337 581 2418 cessio}
604 2334 703 2401 robur
732 2333 963 2421 perpetuitatis
990 2333 1026 2398 in
1060 2355 1094 2398 se
1127 2333 1308 2420 optineant,
1332 2331 1416 2398 hanc
1447 2355 1516 2398 car·

471 2447 540 2507 tam
572 2439 693 2504 eisdem
725 2437 838 2504 abbati
873 2441 908 2504 ct
939 2437 1118 2504 conventui
1141 2435 1211 2516 feei,
1235 2442 1269 2503 et
1303 2457 1375 2502 eam
1408 2437 1516 2525 sigillo

470 2565 542 2612 meo
565 2543 702 2632 signavi.

817 2837 896 2906 Cir.
922 2835 1168 2906 CCCXXVIII.

575 3013 696 3097 Quieto
718 3010 909 3078 clamantia
931 3008 1078 3096 ejusdcm
1103 3007 1142 3076 de
1169 3009 1284 3076 adem
1308 3015 1407 3076 teca.
1472 3083 1478 3091 ,

302 3188 448 3250 Quitaaiin
515 3177 630 3246 Sciant
652 3181 828 3267 praesentes
863 3180 897 3242 et
930 3173 1035 3240 futuri
1067 3175 1155 3261 quod
1190 3195 1250 3261 ego
1285 3173 1452 3239 Gelfridus
1485 3175 1516 3242 le

301 3337 376 3376 881110.

302 3257 383 3308 ⁰f²¹¹⁰
469 3282 595 3348 Archer
618 3283 658 3346 de
682 3279 814 3346 Estoote
837 3277 974 3356 reddidi,
997 3276 1117 3356 remisi,
1140 3282 1175 3342 et
1197 3275 1346 3362 quietum
1369 3277 1517 3357 clamavi,

469 3407 529 3470 pro
551 3405 604 3450 me
626 3387 661 3449 et
682 3381 857 3448 heredibus
880 3386 914 3446 et
943 3379 1118 3466 assignatis
1152 3377 1234 3443 meis
1267 3379 1517 3466 imperpetuum,

470 3483 611 3552 dominis
634 3485 714 3550 meis
737 3481 902 3548 Willelmo
925 3479 990 3547 Dei
1012 3479 1121 3568 gratia
1143 3479 1257 3546 abbati
1292 3481 1332 3547 de
1366 3479 1516 3548 Malmes-

469 3589 571 3666 buria,
596 3591 630 3653 et
652 3587 798 3673 ejusdem
821 3585 883 3650 loci
899 3582 1085 3661 conventui,
1108 3587 1217 3650 totum
1234 3585 1342 3670 juset
1364 3583 1516 3651 clamium

470 3691 558 3777 quod
580 3690 692 3767 habui,
707 3689 761 3754 vel
777 3689 889 3774 aliquo
905 3687 1001 3752 modo
1024 3685 1144 3752 habere
1167 3687 1270 3773 potui,
1286 3687 1321 3750 in
1344 3691 1417 3753 tota
1430 3693 1517 3754 terra

469 3793 536 3870 illa,
559 3813 632 3857 oum
671 3791 822 3855 omnibus
854 3788 1062 3875 pertinentiis
1093 3789 1168 3866 suis,
1193 3809 1266 3873 quae
1300 3811 1334 3853 se
1367 3791 1516 3855 extendit

469 3901 583 3960 contra
598 3893 756 3980 angulum
772 3893 928 3958 borialem
940 3891 1028 3956 bosci
1047 3891 1088 3956 de
1100 3891 1268 3976 Rudinges
1279 3891 1382 3976 juxta
1395 3897 1514 3959 terram

471 3999 635 4085 quondam
659 3992 792 4061 Milonis
815 3996 855 4059 de
886 3994 1048 4058 Bethon’:
1073 3993 1260 4060 habendam
1283 4001 1317 4059 et
1339 3998 1516 4062 tenendam

471 4107 576 4166 totam
599 4099 792 4188 praedictam
816 4103 936 4162 terram
960 4117 1034 4162 oum
1050 4095 1202 4161 omnibus
1225 4096 1292 4162 suis
1307 4099 1516 4184 pertinentiis

471 4205 636 4294 praedictis
660 4205 774 4271 abbati
797 4209 830 4268 et
853 4203 1039 4280 conventui,
1062 4209 1097 4269 et
1126 4223 1238 4268 eorum
1273 4206 1517 4286 successoribus,

471 4310 608 4376 liberam
631 4313 665 4386 et
687 4308 843 4394 quietam,
866 4307 936 4372 sine
963 4307 1075 4392 aliqua
1107 4305 1366 4374 contradictione
1387 4331 1446 4374 seu
1467 4333 1517 4375 re·

471 4411 666 4479 clamatione
688 4411 754 4475 mei
776 4409 830 4475 vel
852 4409 1010 4475 heredum
1026 4430 1083 4475 seu
1107 4409 1348 4496 assignatorum
1370 4431 1517 4478 meorum

472 4516 723 4602 imperpetuum.
769 4511 823 4578 Ita
845 4511 933 4598 quod
955 4531 1016 4576 nec
1047 4533 1108 4597 ego
1133 4531 1194 4576 neo
1216 4510 1337 4596 aliquis
1359 4512 1515 4579 heredum

472 4641 529 4686 seu
552 4618 792 4704 assignatorum
816 4633 963 4680 meorum
985 4612 1120 4699 aliquod
1138 4612 1195 4698 jus
1218 4613 1270 4678 vel
1294 4613 1449 4680 clamium
1480 4618 1517 4682 in

472 4719 630 4810 praedicta
660 4725 748 4784 terre
780 4721 840 4784 aut
872 4717 984 4802 aliqua
1005 4715 1076 4802 ejus
1107 4721 1199 4802 parte
1230 4714 1343 4801 aliquo
1373 4723 1519 4805 tempore

471 4825 565 4894 nobis
596 4821 768 4890 vendicare
799 4819 968 4909 possimus.
1015 4817 1059 4882 Et
1091 4818 1127 4883 in
1160 4817 1386 4886 testimonium
1418 4819 1518 4908 hujus
