3578 5808
393 894 436 958 60
644 907 843 958 asmsrsun
866 907 1189 962 usnnnssmunrsn.

391 1101 476 1160 tone.
523 1095 623 1161 Unde
644 1095 732 1181 petit
754 1116 809 1162 eas
840 1101 999 1182 tanquam
1032 1097 1072 1163 dc
1101 1097 1178 1183 jure
1209 1095 1376 1164 communi
1397 1095 1440 1160 cd

392 1199 560 1264 ecclesiam
583 1198 624 1264 (10
647 1197 793 1265 Yaotone
824 1203 1019 1285 spectantes,
1066 1198 1156 1264 Petit
1178 1197 1280 1264 'etiam
1302 1197 1443 1264 decimas

392 1322 466 1384 quae
504 1299 544 1365 dc
583 1300 671 1367 dicto
713 1299 878 1367 dominico
916 1301 1157 1386 proveniebant
1194 1305 1340 1388 tempore
1386 1299 1443 1364 illo

392 1423 456 1486 quo
490 1401 617 1469 dictum
651 1402 853 1468 dominicum
885 1424 944 1489 per
966 1401 1116 1468 homines
1139 1402 1180 1468 de
1203 1401 1349 1469 Yectone
1373 1404 1444 1467 erat

392 1503 569 1584 exedum,
604 1508 639 1570 et
669 1504 732 1571 hoc
766 1503 849 1571 dicit
882 1506 975 1572 salvo
1009 1504 1072 1570 sibi
1102 1504 1178 1592 jure
1212 1503 1355 1572 addendi
1389 1502 1444 1569 vel

391 1607 571 1673 minuendi.
618 1605 772 1674 Intentat
794 1607 895 1674 etiam
930 1607 1122 1694 petitorium
1146 1613 1181 1674 01
1202 1606 1443 1694 possessorium.

392 1709 538 1776 Tandem
568 1709 669 1776 variis
700 1731 810 1778 coram
832 1708 927 1776 nobis
961 1709 1138 1798 propositis
1173 1713 1208 1776 et
1236 1707 1380 1790 cassatis,
1403 1706 1444 1774 lis

393 1835 491 1900 super
524 1817 663 1899 utroque
697 1811 839 1880 articulo
871 1833 981 1880 coram
1015 1813 1110 1890 nobis
1142 1816 1215 1880 erat
1251 1815 1444 1880 contestata.

394 1913 536 1980 Demum
569 1915 738 2002 productis
772 1915 922 1995 testibus,
953 1909 1131 2003 publicatis
1165 1913 1443 1992 attestationibus,

393 2017 518 2083 auditis
540 2017 821 2105 disputationibus
837 2023 871 2084 et
893 2017 1157 2096 confessionibus,
1173 2017 1328 2104 inspectis
1344 2017 1445 2083 etiam

392 2119 554 2186 dictorum
577 2118 708 2187 abbatis
730 2125 765 2188 et
779 2124 961 2188 conventus
983 2119 1175 2208 privilegiis,
1190 2119 1298 2186 Deum
1320 2117 1445 2186 haben-

392 2227 442 2286 tes
464 2244 533 2309 prae
549 2221 658 2302 oculis,
674 2221 790 2289 habito
806 2222 907 2289 etiam
922 2243 1021 2308 super
1042 2221 1108 2288 hiis
1123 2221 1275 2288 omnibus
1298 2220 1444 2287 virorum

391 2325 592 2410 prudentum
615 2325 758 2404 consilio,
782 2346 856 2392 cum
879 2323 1115 2392 deliberatione
1138 2323 1237 2412 plena
1259 2323 1364 2392 dictos
1387 2323 1443 2391 ab·

392 2427 502 2492 batem
527 2432 561 2492 et
590 2431 792 2494 conventum
815 2427 858 2493 ab
882 2427 1089 2513 impetitione
1121 2426 1202 2493 dicti
1233 2425 1286 2492 W.
1311 2426 1445 2494 rectoris

392 2529 534 2596 ecclesia
558 2528 598 2595 de
621 2529 777 2608 Yeotonc‚
800 2529 837 2594 in
860 2529 993 2596 nomine
1016 2528 1124 2596 Patris
1147 2532 1182 2595 01
1204 2527 1283 2594 Filii
1305 2535 1340 2595 ct
1371 2527 1445 2615 Spi-

391 2632 476 2697 ritus
499 2631 614 2699 Sancti
637 2631 880 2698 sententialiter
894 2631 1105 2714 absolvimus
1120 2636 1316 2720 perpetuum
1339 2629 1445 2697 eidem

392 2740 427 2799 01
449 2733 687 2803 successoribus
710 2733 778 2800 suis
801 2735 934 2801 nomine
957 2736 1055 2802 dictae
1079 2733 1223 2802 ecclcsiae
1247 2735 1288 2800 de
1304 2733 1446 2812 lectone,

392 2837 428 2902 in
451 2835 549 2905 dictis
574 2837 709 2905 decimis
724 2860 782 2903 seu
805 2837 946 2926 propriis
961 2838 1149 2925 sumptibus
1165 2837 1369 2918 excolantur,
1386 2859 1445 2904 seu

391 2941 466 3006 aliis
488 2940 624 3008 tradant
655 2941 849 3020 excolendis
883 2941 1081 3027 imponendo
1116 2941 1295 3008 silentium.
1341 2939 1386 3005 Et
1409 2945 1447 3010 ut

392 3043 462 3113 haec
477 3045 645 3112 sentencia
660 3043 839 3128 diffinitiva
854 3043 953 3110 robur
968 3044 1126 3132 optineat,
1142 3065 1215 3111 eam
1226 3042 1325 3130 sigilli
1342 3043 1447 3109 nostri

391 3147 597 3235 appositione
619 3145 855 3214 roboravimus.
893 3145 1012 3214 Decisa
1034 3151 1146 3214 autem
1169 3145 1234 3212 fuit
1256 3143 1328 3212 haec
1350 3166 1448 3212 causa

225 3254 337 3305 alosa
392 3269 479 3314 anno
502 3248 639 3314 Domini
662 3266 832 3328 mccxxx„
855 3249 893 3314 in
914 3247 1030 3337 vigilia
1051 3248 1274 3335 apostolorum
1297 3247 1388 3313 Petri
1413 3252 1448 3313 et

392 3351 496 3432 Pauli,
519 3352 556 3418 in
579 3350 714 3420 ccclesia
737 3351 895 3420 Omnium
919 3349 1115 3420 Sanctorum
1140 3349 1245 3420 Onon
1291 3347 1416 3418 Valete.

798 3675 879 3746 Ona
902 3674 1037 3746 OOVII.

396 3873 600 3968 Ooocpocc‘tio
626 3873 718 3946 10100
742 3876 945 3946 0110100001
970 3883 1170 3948 concordabo
1193 3858 1448 3948 Mammas

471 3989 500 4050 01
526 3979 721 4050 ,1010000000
744 3987 902 4048 rectorem
927 3979 1067 4050 emlesioe
1092 3982 1131 4050 de
1160 3977 1380 4050 Grcddccoclla

227 4195 357 4276 composi.
441 4163 604 4254 Omnibus
627 4185 753 4252 Christi
776 4187 929 4253 fidelibus
951 4185 995 4252 ad
1018 4207 1099 4272 quos
1121 4191 1266 4273 praesens‘
1289 4185 1447 4272 scriptum

226 4264 366 4380 {32¹¹ssssssss
394 4290 590 4375 pervenerit,
623 4290 712 4375 prior
743 4291 784 4356 de
819 4289 967 4366 Broden',
999 4288 1248 4356 archidiaconus
1282 4289 1378 4355 Bath'
1413 4293 1449 4355 et

226 4396 358 4448 oreada
395 4392 536 4458 decanus
569 4392 609 4457 de
643 4392 865 4478 Cyrenccster,
900 4389 1049 4458 salutem.
1095 4392 1292 4458 Mandatum
1323 4390 1448 4458 cancel-

226 4463 288 4513 well.

394 4494 468 4559 lorii
492 4495 606 4562 Sancti
629 4495 724 4561 Pauli
748 4494 903 4571 London’,
936 4498 970 4560 et
1003 4493 1234 4581 magistrorum
1258 4493 1307 4562 W.
1340 4499 1375 4560 et
1398 4492 1448 4559 W.

394 4595 435 4661 dc
459 4595 589 4663 Sanctae
621 4597 736 4662 Mariae
764 4596 954 4664 ecclesiast
986 4595 1026 4661 de
1050 4595 1156 4674 Purle,
1179 4595 1381 4682 suscepimus
1412 4595 1449 4660 in
1537 4673 1543 4680 .

394 4699 465 4766 haec
502 4699 623 4765 verba:
656 4698 773 4763 “Viris
811 4695 1055 4764 venerabilibus
1088 4698 1190 4786 priori
1222 4698 1263 4764 de
1295 4695 1447 4776 Bradan‘‚

396 4801 661 4870 “archidiacono
696 4801 802 4878 Bath’,
825 4805 858 4868 01
882 4801 1003 4870 decano
1038 4802 1079 4869 de
1102 4801 1338 4889 Gyrenccstcr3
1370 4822 1447 4872 can·
