3566 5820
542 920 740 970 ansisruuu
763 919 1084 970 amuusuuumssa
1276 907 1338 971 139

291 1099 491 1176 querentem,
526 1100 560 1159 et
599 1093 813 1186 Radulphum
853 1093 883 1158 le
930 1092 1088 1157 Marescal
1127 1096 1161 1154 et
1199 1089 1339 1155 Aliciam

291 1215 425 1260 uxorem
458 1197 529 1281 ejus
553 1195 778 1272 deforciantes
802 1197 842 1260 de
867 1217 932 1260 uno
956 1193 1123 1279 mesuagio
1158 1214 1232 1257 cum
1267 1213 1338 1278 per-

289 1295 439 1360 tinentiis
462 1297 498 1360 in
515 1297 756 1372 Mahnesburia,
772 1303 807 1360 et
830 1296 918 1360 unde
942 1294 1101 1380 placitum
1118 1292 1339 1359 contentionis

289 1399 526 1463 summonitum
563 1399 631 1463 fuit
664 1399 828 1463 intereos
861 1398 896 1460 in
928 1397 1041 1461 eadem
1065 1397 1175 1474 cu1·ia;
1207 1394 1338 1470 scilicet,

290 1501 376 1583 quod
399 1501 551 1586 lenedieti
575 1500 772 1586 Radulphus
809 1507 843 1564 et
865 1499 973 1566 Alicia
996 1504 1222 1586 eognovemmt
1256 1519 1339 1583 prae·
1395 1517 1401 1524 ·

290 1599 415 1665 dictum
448 1601 655 1688 mesuagium
690 1622 765 1666 cum
800 1600 1014 1687 pertinentiis
1048 1623 1116 1664 esse
1145 1599 1201 1684 jus
1236 1597 1340 1684 ipsius

289 1700 427 1778 abbatis,
462 1708 496 1766 et
529 1702 671 1768 ecclesiae
703 1724 771 1766 suae
795 1701 908 1766 Sancti
933 1701 1100 1765 Aldhelmi
1125 1701 1165 1765 de
1189 1699 1340 1764 Malmas-

290 1803 395 1881 buria,
420 1804 567 1868 utillud
590 1805 679 1889 quod
703 1803 791 1868 idem
823 1803 926 1868 abbas
942 1807 975 1866 et
1006 1802 1141 1867 ecelesia
1168 1824 1227 1867 sua
1257 1822 1342 1886 prae·

291 1903 381 1970 dicta
402 1904 549 1970 habeant
571 1906 622 1969 de'
635 1906 722 1970 dono
745 1905 892 1990 ipsorum
916 1903 1085 1990 Redulphi
1109 1909 1144 1967 et
1166 1903 1291 1969 Alieiae.

337 2005 381 2070 Et
423 2029 481 2093 pro
513 2007 578 2072 hac
608 2007 839 2092 recognitione,
871 2007 936 2074 fine
970 2011 1004 2070 et
1042 2005 1215 2072 concordia
1252 2005 1341 2069 idem

290 2107 392 2172 abbas
414 2108 573 2174 concessit
596 2131 655 2194 pro
679 2131 712 2172 se
736 2114 770 2173 et
793 2108 1033 2174 successoribus
1056 2107 1132 2184 suis,
1149 2112 1184 2171 et
1206 2105 1341 2173 ecclesia

291 2231 350 2275 sua
372 2211 539 2296 praedicta,
571 2211 739 2296 praedictis
770 2210 913 2276 Redulfo
941 2217 975 2276 et
1005 2210 1121 2275 Alicise
1145 2209 1340 2295 pradictum

292 2312 494 2396 mesuagium
519 2312 849 2396 compertinentiis:
884 2311 1074 2376 habendum
1102 2317 1136 2376 ct
1159 2311 1339 2376 tenendum

291 2413 412 2478 eisdem
447 2413 624 2498 Radulpho
659 2421 693 2478 et
727 2413 851 2489 Aliciae,
889 2413 928 2477 de
963 2413 1122 2498 predicto
1154 2413 1273 2477 abbate
1306 2418 1340 2476 et

291 2513 528 2580 successoribus
560 2515 629 2578 suis
661 2520 696 2579 et
728 2514 862 2580 ecclesia
894 2537 954 2579 sua
984 2514 1150 2600 praedicta,
1174 2519 1246 2578 teta
1269 2514 1340 2578 vita

293 2617 463 2702 utriusque
487 2617 632 2700 ipsorum
657 2614 825 2701 Radulphi
850 2621 884 2679 et
906 2614 1042 2680 Aliciae:
1067 2615 1232 2680 reddendo
1262 2615 1340 2680 inde

291 2740 494 2804 perannum
518 2718 624 2782 eidem
640 2717 754 2783 abbati
771 2723 805 2782 et
828 2718 1068 2784 successoribus
1084 2719 1162 2798 suis,
1184 2723 1219 2783 et
1241 2717 1340 2784 eccle-

292 2820 349 2884 siae
387 2842 454 2885 suae
493 2820 667 2905 praedictas,
704 2842 807 2886 unum
840 2821 1011 2886 denarium
1046 2821 1088 2884 ad
1123 2819 1248 2887 Pascha
1282 2842 1340 2907 pro

292 2921 382 2986 oumi
405 2921 553 2998 servicio,
570 2921 818 3000 consuetudine,
853 2928 887 2986 et
919 2923 1112 2999 exactione3
1146 2927 1180 2987 et
1203 2922 1339 3008 praedic·

293 3029 347 3087 tus
378 3024 479 3088 abbas
502 3028 537 3088 et
559 3045 758 3090 successores
782 3023 842 3100 sui,
867 3029 901 3088 et
932 3024 1067 3090 ecclesia
1090 3047 1151 3089 sua
1173 3024 1341 3109 praedicta,

292 3125 566 3200 svarantizabunt
589 3125 836 3209 acquietabunt,
861 3131 895 3190 et
929 3125 1108 3190 defendent
1131 3125 1253 3190 eisdem
1277 3125 1343 3189 Ra-

293 3226 416 3312 dulpho
440 3232 474 3291 et
497 3225 613 3291 Aliciae
637 3226 832 3311 preadictum
849 3228 1053 3312 mesuagium
1077 3249 1151 3292 eum
1175 3227 1342 3312 pertinen-

292 3329 357 3406 tiis,
381 3351 438 3414 per
465 3328 663 3414 praedictum
693 3327 877 3405 servicium,
901 3334 1015 3394 contra
1048 3351 1160 3395 omnes
1192 3327 1341 3394 homines

294 3436 365 3495 tota
387 3431 459 3494 vita
489 3429 662 3514 utriusque
698 3429 844 3514 ipsormn
876 3429 1044 3515 Radulphi
1077 3435 1111 3495 et
1141 3429 1275 3509 Alieiae;
1307 3435 1342 3495 et

293 3539 367 3618 post
389 3532 555 3598 decessum
580 3532 753 3616 utriusque
784 3532 931 3618 ipsorum
962 3531 1131 3618 Radulphi
1160 3539 1194 3597 et
1216 3532 1340 3610 Aliciae,

292 3634 487 3720 preadictum
510 3633 715 3718 mesuagium
743 3655 817 3699 cum
848 3633 1060 3720 pertinentiis
1083 3635 1210 3721 integre
1233 3657 1341 3699 rever-

293 3741 383 3802 tetm·
413 3735 457 3799 ad
489 3735 684 3820 praedictum
716 3735 879 3812 abbatem,
902 3741 937 3800 et
969 3757 1168 3802 successores
1200 3758 1284 3814 suos,
1308 3743 1342 3800 et

293 3835 458 3906 ecclesiam
483 3859 576 3902 suam
607 3837 809 3924 praedictam,
841 3837 952 3921 quiete
983 3837 1023 3902 de
1055 3837 1231 3904 heredibus
1255 3840 1342 3924 ipso-

294 3963 366 4004 rum
393 3939 559 4024 Radulphi
582 3945 615 4003 et
638 3929 754 4004 Alicise
777 3939 1028 4025 imperpetuum.

339 4043 383 4106 Et
405 4041 574 4107 sciendum
597 4042 684 4126 quod
719 4062 786 4105 non
813 4041 926 4106 licebit
956 4042 1077 4107 eisdem
1109 4042 1286 4130 Redulpho
1308 4049 1343 4110 et

293 4145 408 4210 Aliciae
431 4144 627 4232 praedictum
650 4145 856 4231 mesuagium
876 4145 961 4222 dare,
986 4147 1137 4223 vendere,
1161 4147 1341 4226 invadiare,

294 4269 354 4313 nec
376 4245 487 4332 aliquo
510 4245 575 4311 alio
598 4246 694 4312 modo
717 4246 868 4324 alienare,
893 4269 953 4312 nec
983 4247 1024 4313 de
1055 4249 1169 4313 eodem
1200 4254 1342 4325 vastum,

294 4347 529 4423 venditionem,
553 4347 608 4412 vel
632 4348 769 4412 exilium
800 4349 914 4426 facere,
943 4370 1007 4434 quo
1038 4351 1148 4414 minus
1179 4356 1256 4436 post
1285 4352 1373 4418 de-f.
1387 4369 1435 4415 21⁵

295 4471 420 4516 cessum
443 4450 616 4535 utriusque
647 4447 793 4535 ipsorum
817 4449 987 4536 Radulphi
1011 4456 1045 4516 et
1068 4451 1182 4518 Aliciae
1205 4454 1341 4540 praedic-

295 4559 366 4617 tum
390 4552 595 4639 mesuagium
619 4575 693 4619 cum
717 4554 928 4638 pertinentiis
951 4553 1078 4640 integre
1099 4561 1285 4622 revertatur
1299 4555 1343 4623 ad

296 4655 490 4740 praedictum
520 4653 674 4720 abbatem
706 4659 740 4717 et
772 4675 969 4719 successores
1002 4647 1085 4734 suos,
1109 4663 1143 4721 et
1175 4656 1343 4723 ecclesiam

295 4777 388 4822 suem
411 4756 608 4844 praedictam,
633 4757 743 4842 quicto
767 4756 1016 4844 imperpetuum.
