3578 5808
423 881 487 944 108
675 895 875 948 neorsrsuu
897 893 1221 950 mnunssusrnust.

420 1100 519 1166 super
540 1086 781 1148 sacromentum
804 1103 909 1160 suum,
933 1083 1022 1169 quod
1044 1083 1222 1169 praedictus
1236 1081 1407 1149 Johonnss
1432 1083 1473 1148 do

420 1180 622 1248 Treminetes
649 1183 788 1249 feofevit
810 1184 1003 1270 pruedictem
1030 1184 1230 1251 Oristisuom
1252 1186 1293 1251 de
1316 1183 1474 1272 proedicto

419 1289 507 1350 terre
541 1285 684 1352 tenendo
718 1286 781 1355 sibi
815 1292 849 1352 ct
880 1286 1056 1353 heredibus
1088 1287 1164 1365 suis,
1197 1287 1252 1353 vel
1288 1287 1472 1374 assignetis,

418 1407 477 1472 per
506 1389 698 1474 praedictcm
729 1395 862 1468 certem,
897 1412 996 1476 quom
1025 1390 1184 1477 praedicto
1216 1389 1362 1456 Oristine
1390 1389 1472 1455 clius

418 1491 566 1574 protulit,
590 1493 652 1558 sub
674 1493 806 1558 nominc
841 1493 992 1579 praedicti
1015 1492 1179 1560 Johunuis
1203 1493 1243 1558 de
1267 1492 1471 1570 Treminetis,

418 1597 453 1656 et
475 1613 549 1677 quse
572 1599 663 1660 certe
692 1593 774 1660 elios
804 1595 1030 1682 celumpmcte
1059 1596 1133 1675 fuit,
1156 1595 1244 1662 sicut
1275 1595 1470 1681 praedictum

418 1698 477 1758 cst.
518 1695 563 1760 Et
584 1696 659 1761 idco
689 1697 930 1764 consideratum
962 1699 1123 1784 estquod
1147 1697 1326 1783 proedictus
1347 1697 1468 1764 Gelfri·

418 1791 491 1860 dus‘
506 1798 739 1864 worantizsvit
770 1800 938 1886 proedictae
962 1799 1149 1878 Oristienae,
1172 1804 1207 1864 ct
1239 1801 1328 1886 quod
1359 1800 1404 1864 sit
1434 1799 1470 1863 in

417 1898 639 1967 misericordis
674 1901 754 1987 quie
785 1901 868 1967 olias
900 1922 968 1967 non
1001 1902 1240 1969 wersntimvit
1288 1901 1333 1966 Et
1370 1901 1471 1967 etiem

417 2024 454 2068 eo
478 2004 567 2090 quod
588 2004 691 2072 nichil
714 2005 777 2072 scit
799 2005 905 2072 dicere
928 2026 1031 2092 quere
1053 2007 1213 2094 praedicte
1235 2004 1337 2072 Lucio
1359 2005 1470 2072 dotem

416 2125 510 2170 suem
540 2106 618 2172 inde
656 2105 775 2174 hebere
814 2127 881 2172 non
912 2107 1040 2186 debent,
1072 2128 1259 2174 concessum
1297 2113 1348 2172 est
1382 2107 1471 2193 quod

403 2209 573 2293 proedicto
595 2209 762 2276 Oristiene
791 2215 906 2276 teneat
937 2211 973 2275 in
1003 2231 1091 2297 poce,
1115 2217 1150 2276 et
1179 2210 1339 2297 praedicto
1368 2210 1471 2277 Lucia

415 2309 537 2376 hebeat
560 2312 600 2378 de
623 2317 712 2380 terre
734 2313 885 2400 praedicti
909 2312 1050 2380 Gelfridi
1073 2314 1116 2380 ud
1139 2313 1330 2392 valentiam,
1353 2319 1412 2380 etc.

462 2413 506 2479 Et
537 2421 740 2503 praeceptum
764 2422 813 2483 est
836 2415 1022 2482 vicecomiti
1046 2416 1210 2494 stafford,
1234 2421 1293 2484 etc.
1340 2415 1385 2481 Et
1407 2416 1468 2483 sci-

417 2517 539 2582 endum
566 2519 654 2604 quod
676 2519 854 2596 recordum‚
878 2519 966 2603 quod
1000 2517 1077 2584 inde
1100 2519 1195 2584 venit
1217 2519 1259 2584 de
1281 2519 1395 2598 hence,
1418 2524 1469 2584 est

417 2620 505 2685 inter
527 2620 643 2686 brevis
668 2621 772 2698 finite,
797 2627 856 2688 etc.
881 2621 1007 2688 dehoc
1037 2622 1207 2687 comitatu.
1253 2621 1298 2685 Et
1319 2621 1385 2686 fuit
1407 2619 1469 2686 hoc

416 2723 588 2788 recordum
607 2724 733 2790 fectum
756 2725 846 2810 cpud
871 2723 1026 2810 Wyltone
1042 2723 1079 2788 in
1110 2723 1236 2790 octobis
1260 2722 1468 2788 Purificotio-

415 2826 468 2891 nis
491 2827 604 2894 Beotee
628 2827 751 2906 Meriae,
766 2849 853 2894 cuno
876 2827 969 2916 regni
992 2827 1079 2914 regis
1103 2827 1240 2894 chrici
1264 2827 1326 2891 filii
1342 2826 1469 2894 Johun·

414 2929 467 2992 nis
501 2928 772 3016 quinquagesimo
807 2930 957 3007 secundo,
981 2951 1090 2995 comm
1114 2929 1276 2996 Nicholoo
1299 2930 1340 2994 de
1363 2929 1467 3007 Tumi,

415 3030 560 3098 chrico
594 3030 635 3097 de
669 3031 876 3098 Monte-forti
908 3032 949 3097 de
983 3030 1111 3108 Fernlc,
1134 3032 1293 3118 magistro
1329 3030 1469 3098 Riserdo

413 3133 455 3200 de
489 3133 616 3212 Staures,
650 3139 684 3198 st
718 3133 864 3202 Henrico
898 3133 939 3200 de
974 3133 1242 3220 Wollsvyntoue‚
1271 3134 1468 3220 justiciariis

413 3236 658 3315 itinerantibus,
680 3239 716 3302 et
746 3237 820 3304 eliis
855 3235 980 3303 domini
1003 3236 1089 3324 regis
1120 3235 1282 3314 fidelibus,
1306 3243 1387 3305 tunc
1420 3239 1469 3304 ibi

412 3342 639 3429 presentibus.

784 3581 864 3650 Ger.
890 3580 1093 3654 ooxtml.

561 3719 610 3792 Dc
632 3727 725 3792 mrsu
753 3721 912 3794 Witlctm
934 3723 964 3792 lc
989 3722 1071 3792 Vric
1093 3721 1134 3790 de
1158 3722 1321 3796 dorsum.

457 3865 573 3936 Sciant
603 3870 782 3954 praesentes
812 3871 847 3931 et
880 3863 986 3930 futuri
1013 3861 1102 3950 quod
1133 3885 1193 3951 ego
1217 3863 1403 3930 Wiilelmus
1436 3865 1468 3931 le

271 4019 314 4056 ne.
412 3969 500 4052 Vrie‚
535 3969 623 4036 filius
657 3974 691 4035 et
721 3970 815 4035 heres
848 3966 1007 4032 Wiliclmi
1044 3967 1075 4032 le
1107 3965 1186 4032 Vrie
1218 3967 1259 4032 de
1299 3965 1467 4046 Corstone,

412 4074 497 4153 dedi,
531 4073 682 4152 concessi,
712 4077 746 4137 et
778 4071 843 4138 hec
873 4068 1029 4156 praesenti
1053 4071 1144 4136 certe
1166 4090 1240 4134 mco
1262 4069 1464 4148 confirmavi,

411 4179 482 4245 Deo
514 4181 549 4244 et
582 4173 724 4244 ecclesiae
755 4173 845 4240 besti
884 4171 1052 4238 Aldhelmi
1085 4172 1126 4237 de
1160 4170 1403 4250 Melmesturie,
1433 4179 1467 4239 ct

411 4281 525 4347 abbati
572 4287 607 4346 et
660 4276 828 4344 monochis
873 4275 996 4342 ibidem
1043 4273 1115 4341 Deo
1160 4275 1390 4356 servientibus,
1430 4276 1467 4341 in

411 4404 527 4471 purum
559 4388 594 4447 et
624 4385 817 4468 perpetuum
855 4379 1075 4456 elemosinam,
1114 4377 1281 4463 quoddam
1319 4377 1466 4444 curtillu-

409 4487 502 4574 gium
544 4505 658 4550 versus
705 4481 903 4550 cimiterium
946 4481 1079 4567 copellae
1114 4480 1155 4546 de
1190 4479 1358 4559 Oorstone,
1391 4502 1465 4548 cum

410 4588 577 4676 mesuagio
609 4607 706 4674 super
737 4585 900 4652 aedificeto
922 4584 958 4649 in
980 4589 1074 4672 perte
1100 4582 1281 4670 oquiloneli
1315 4585 1465 4672 capitulis

409 4691 578 4779 mesuagii
600 4690 755 4757 videlicet
776 4691 821 4755 eb
843 4687 963 4775 ungulo
987 4686 1136 4773 praedicti
1167 4687 1328 4774 mesuagii
1362 4707 1465 4774 usque

408 4798 452 4863 ed
485 4795 643 4883 angulum
673 4815 827 4881 grengeae
850 4814 940 4870 mese,
965 4805 1040 4858 oum
1063 4795 1135 4857 toto
1159 4791 1264 4857 crofta
1286 4790 1345 4857 illa
1364 4791 1466 4877 juxis
