3578 5808
526 883 724 937 naomcnun
748 880 1074 934 nmumaumausn
1283 864 1323 927 25
1444 949 1448 958 Ι

675 1111 755 1180 On».
779 1109 928 1180 CLXIV.

299 1255 421 1339 Quiete
443 1254 634 1324 ammaum
656 1252 805 1322 Ricardc'
826 1249 962 1330 militis,
976 1248 1055 1336 filii
1077 1248 1230 1335 liudulfi,
1258 1247 1299 1318 dc

346 1357 624 1446 sancitaque
647 1355 807 1424 collector
830 1351 1024 1422 omousio
1047 1357 1077 1420 ct
1099 1351 1241 1420 chwle.

318 1505 433 1573 Sciant
454 1511 525 1572 tam
547 1509 727 1592 praesentes
758 1525 857 1590 quam
879 1501 986 1568 futuri
1008 1501 1098 1588 quod
1128 1521 1188 1588 ego
1210 1499 1325 1568 Ricar·
1338 1505 1495 1572 Quit-cn'm.

273 1608 334 1672 dus
364 1607 467 1686 miles,
490 1607 579 1672 filius
602 1605 737 1672 Radulfi
760 1605 800 1670 de
823 1603 1006 1684 Wokeseie,
1030 1603 1176 1692 obligavi
1207 1624 1260 1668 me
1291 1605 1326 1668 et

272 1709 406 1774 heredes
445 1730 534 1774 meos
571 1709 817 1794 imperpetuum
862 1727 921 1792 per
957 1711 1154 1792 praesentem
1199 1710 1323 1772 cartam

274 1831 388 1888 meam,
412 1809 500 1895 quod
532 1831 714 1895 numquam
744 1807 873 1894 aliquid
900 1807 986 1893 juris
1009 1807 1257 1875 vendicabimus
1289 1806 1326 1871 in

273 1919 361 1978 terro
383 1911 443 1977 illa
475 1934 550 1998 quse
584 1917 635 1978 est
660 1913 749 1978 inter
772 1910 987 1999 Ohoellewrpe
1011 1917 1046 1977 et
1068 1911 1212 1990 Komele,
1237 1911 1325 1977 unde

275 2015 383 2079 finalis
406 2015 578 2082 concordia
600 2015 689 2081 facta
711 2013 777 2078 fuit
800 2013 835 2078 in
858 2013 950 2080 curia
971 2013 1098 2080 domini
1120 2012 1215 2099 regis,
1240 2012 1327 2078 inter

275 2117 431 2182 Milonem
454 2117 495 2182 de
533 2116 638 2182 Morle
671 2120 841 2203 petentem
875 2120 910 2180 et
942 2115 1113 2182 dominum
1146 2114 1328 2181 Robertum

276 2219 428 2284 abbatem
443 2218 687 2284 Malmesburiae
714 2222 891 2284 tenentem
935 2217 991 2282 Ad
1013 2217 1106 2304 eujus
1130 2216 1178 2281 rei
1200 2217 1359 2303 firmam,

277 2326 311 2386 et
333 2325 525 2407 perpetuam
541 2321 761 2397 securitatem,
777 2323 985 2406 praesentem·
997 2323 1123 2386 cartam
1146 2317 1247 2406 sigilli
1265 2318 1330 2384 mei

275 2423 487 2508 impressione
508 2422 671 2489 roboravi.
717 2421 795 2486 Hiis
818 2422 969 2500 testibus,
994 2427 1056 2489 etc.

696 2659 777 2726 CAP.
802 2659 930 2725 CLXV.

452 2801 502 2868 Dc
524 2820 600 2868 lucc
622 2798 759 2886 uirgato
782 2806 878 2868 tcmcc
901 2797 943 2867 io
966 2797 1166 2868 detorsione.

325 2943 440 3010 Sciant
471 2945 649 3028 praesentes
683 2945 718 3005 et
751 2939 857 3005 futuri
890 2939 978 3025 quod
1010 2961 1070 3026 ego
1103 2939 1266 3006 Radulfus
1290 2941 1330 3008 de
1347 2949 1455 3010 Virgae

279 3043 423 3109 Pinkeni
441 3042 563 3128 junior,
579 3063 714 3108 assensn
736 3046 771 3106 et
785 3062 945 3108 consensu
961 3040 1101 3108 Walteri
1123 3042 1236 3108 fratris
1258 3017 1460 3122 ηιθί,111811Εῂ

277 3148 342 3214 hae
363 3145 521 3234 praesenti
543 3150 637 3211 certa
658 3165 732 3210 mea
754 3144 947 3211 confirmavi
971 3145 1107 3210 domum
1140 3145 1245 3232 patris
1267 3146 1334 3211 mei

279 3247 415 3316 Radulfi
437 3248 478 3314 de
502 3245 654 3325 Pinkeni,
678 3251 713 3312 et
735 3251 898 3332 quantum
920 3247 964 3313 ad
996 3269 1048 3313 me
1080 3248 1234 3333 pertinet,
1257 3248 1334 3313 dedi

278 3357 314 3417 et
352 3349 494 3417 concessi
532 3347 603 3415 Deo
641 3353 676 3413 et
727 3347 850 3414 Sancto
899 3347 1082 3428 Aldhelmo,
1120 3355 1155 3418 et
1192 3349 1335 3418 ecclesiae

280 3450 524 3518 Mslmesburiae
547 3451 583 3515 in
604 3471 722 3536 puram
745 3457 779 3516 et
803 3439 997 3536 per'petuam
1020 3451 1251 3518 elemosinam:
1273 3452 1334 3519 soi-

278 3556 368 3632 lieet,
390 3575 494 3622 unam
517 3552 683 3640 virgatam
707 3558 803 3618 terrae
826 3552 862 3616 in
896 3552 1079 3633 Serestans,
1102 3575 1201 3640 quam
1224 3553 1333 3621 Adam

279 3657 320 3722 de
345 3655 487 3722 Culerne
510 3654 620 3720 tenuit
652 3654 689 3718 in
720 3653 865 3741 eampis3
896 3655 1028 3736 scilieet,
1050 3657 1087 3723 in
1121 3679 1187 3724 uno
1210 3679 1332 3744 campo,

278 3761 404 3848 viginti
426 3765 461 3826 et
493 3779 595 3824 unam
630 3777 748 3835 acrem,
771 3761 806 3822 et
837 3756 874 3822 in
907 3758 974 3825 alio
1007 3779 1130 3847 campo,
1154 3760 1277 3848 viginti
1299 3766 1334 3826 et

278 3885 383 3928 unam
405 3883 524 3940 acram,
546 3881 622 3928 cum
645 3860 813 3946 mesuagio
836 3859 925 3946 quod
947 3861 1112 3950 Alwynus
1135 3863 1178 3928 ad
1201 3862 1333 3950 Mogge-

275 3965 352 4030 sord
390 3963 509 4040 tenuit,
548 3983 624 4028 cum
662 3961 874 4047 pertinentiis
908 3962 1055 4049 ejusdem
1093 3961 1275 4052 mesuagii,¹
1299 3969 1334 4029 et

278 4089 357 4132 cum
380 4065 488 4132 crofta
511 4085 585 4150 quae
609 4064 675 4129 sita
698 4068 850 4130 estante
872 4063 916 4130 ad
945 4065 1158 4144 occidentem,
1180 4071 1216 4132 et
1245 4071 1335 4133 terra

278 4191 356 4255 quse
378 4167 443 4234 sita
465 4172 517 4233 est
539 4187 653 4232 versus
684 4165 856 4244 orientem,
879 4187 954 4253 quae
985 4173 1037 4234 est
1071 4168 1211 4234 duamm
1245 4187 1338 4236 aerei

277 4293 365 4349 rum,
379 4271 468 4336 inter
490 4289 612 4355 aquam
628 4273 663 4333 et
677 4267 839 4346 semitam,
854 4290 929 4355 quoe
954 4269 1110 4337 dimidiat
1131 4269 1334 4338 dominicum

278 4375 323 4440 ab
346 4372 406 4439 illa
427 4377 535 4453 terra3
558 4370 735 4437 tenendam
759 4375 794 4436 et
815 4370 1012 4454 habendam,
1034 4371 1135 4439 libere
1158 4377 1194 4439 et
1215 4375 1334 4460 quiete,

277 4475 468 4552 honorilice,
501 4473 538 4538 in
567 4472 682 4560 pratis,
713 4472 750 4537 in
782 4474 921 4559 pascuis,
944 4475 980 4540 in
1011 4475 1115 4562 aquis,
1138 4475 1174 4540 in
1209 4477 1334 4543 molen·

277 4580 378 4659 dinis,
393 4579 430 4644 in
451 4578 526 4658 viis,
540 4577 577 4643 in
599 4577 734 4658 semitis,
755 4583 790 4644 et
811 4578 848 4645 in
870 4580 1024 4647 omnibus
1046 4582 1089 4647 ad
1112 4582 1251 4648 eandem
1273 4589 1336 4649 ter·

1346 3091 1412 3134 aton.

679 4794 687 4828 ¹
706 4795 836 4864 ammo
849 4794 875 4848 a
886 4795 945 4850 ns.
