<?xml version="1.0" encoding="UTF-8"?>
<!DOCTYPE html PUBLIC "-//W3C//DTD XHTML 1.0 Transitional//EN"
    "http://www.w3.org/TR/xhtml1/DTD/xhtml1-transitional.dtd">
<html xmlns="http://www.w3.org/1999/xhtml" xml:lang="en" lang="en">
 <head>
  <title>
</title>
<meta http-equiv="Content-Type" content="text/html;charset=utf-8" />
  <meta name='ocr-system' content='tesseract 3.04.00' />
  <meta name='ocr-capabilities' content='ocr_page ocr_carea ocr_par ocr_line ocrx_word'/>
</head>
<body>
  <div class='ocr_page' id='page_1' title='image "./registrummalmes00martgoog_0276.png"; bbox 0 0 3566 5820; ppageno 0'>
   <div class='ocr_carea' id='block_1_1' title="bbox 452 867 1245 930">
    <p class='ocr_par' dir='ltr' id='par_1_1' title="bbox 452 867 1245 930">
     <span class='ocr_line' id='line_1_1' title="bbox 452 867 1245 930; baseline -0.005 0"><span class='ocrx_word' id='word_1_1' title='bbox 452 867 514 930; x_wconf 77' lang='lat'>182</span> <span class='ocrx_word' id='word_1_2' title='bbox 705 878 899 929; x_wconf 74' lang='lat' dir='ltr'>cneisnsnn</span> <span class='ocrx_word' id='word_1_3' title='bbox 924 879 1245 928; x_wconf 70' lang='lat' dir='ltr'>nannisecmassn.</span> 
     </span>
    </p>
   </div>
   <div class='ocr_carea' id='block_1_2' title="bbox 851 1103 1114 1170">
    <p class='ocr_par' dir='ltr' id='par_1_2' title="bbox 851 1103 1114 1170">
     <span class='ocr_line' id='line_1_2' title="bbox 851 1103 1114 1170; baseline -0.008 0"><span class='ocrx_word' id='word_1_4' title='bbox 851 1104 930 1170; x_wconf 75' lang='grc' dir='ltr'><strong>ΟΑΡ.</strong></span> <span class='ocrx_word' id='word_1_5' title='bbox 957 1103 1114 1170; x_wconf 84' lang='lat' dir='ltr'>OCCXV.</span> 
     </span>
    </p>
   </div>
   <div class='ocr_carea' id='block_1_3' title="bbox 501 1251 1456 1442">
    <p class='ocr_par' dir='ltr' id='par_1_3' title="bbox 501 1251 1456 1442">
     <span class='ocr_line' id='line_1_3' title="bbox 501 1251 1456 1354; baseline -0.004 -34"><span class='ocrx_word' id='word_1_6' title='bbox 501 1255 550 1320; x_wconf 81' lang='lat' dir='ltr'>De</span> <span class='ocrx_word' id='word_1_7' title='bbox 573 1255 688 1321; x_wconf 79' lang='lat' dir='ltr'>endem</span> <span class='ocrx_word' id='word_1_8' title='bbox 710 1261 801 1354; x_wconf 73' lang='lat' dir='ltr'>terra</span> <span class='ocrx_word' id='word_1_9' title='bbox 823 1275 971 1321; x_wconf 74' lang='lat' dir='ltr'>concesse</span> <span class='ocrx_word' id='word_1_10' title='bbox 994 1253 1128 1320; x_wconf 67' lang='lat' dir='ltr'>deantes</span> <span class='ocrx_word' id='word_1_11' title='bbox 1150 1252 1320 1318; x_wconf 62' lang='lat' dir='ltr'>serotine</span> <span class='ocrx_word' id='word_1_12' title='bbox 1342 1251 1456 1338; x_wconf 74' lang='lat' dir='ltr'>ipsine</span> 
     </span>
     <span class='ocr_line' id='line_1_4' title="bbox 886 1357 1054 1442; baseline -0.006 -21"><span class='ocrx_word' id='word_1_13' title='bbox 886 1357 1054 1442; x_wconf 67' lang='lat' dir='ltr'>Reponi-s.</span> 
     </span>
    </p>
   </div>
   <div class='ocr_carea' id='block_1_4' title="bbox 283 1488 1498 1561">
    <p class='ocr_par' dir='ltr' id='par_1_4' title="bbox 283 1488 1498 1561">
     <span class='ocr_line' id='line_1_5' title="bbox 283 1488 1498 1561; baseline -0.008 0"><span class='ocrx_word' id='word_1_14' title='bbox 283 1496 397 1561; x_wconf 68' lang='lat' dir='ltr'>Regma</span> <span class='ocrx_word' id='word_1_15' title='bbox 411 1496 440 1545; x_wconf 80' lang='lat' dir='ltr'>of</span> <span class='ocrx_word' id='word_1_16' title='bbox 511 1492 593 1558; x_wconf 84' lang='lat' dir='ltr'>Haec</span> <span class='ocrx_word' id='word_1_17' title='bbox 632 1496 683 1557; x_wconf 88' lang='lat' dir='ltr'>est</span> <span class='ocrx_word' id='word_1_18' title='bbox 719 1490 895 1557; x_wconf 90' lang='lat' dir='ltr'>conventio</span> <span class='ocrx_word' id='word_1_19' title='bbox 933 1490 1024 1556; x_wconf 83' lang='lat' dir='ltr'>facte</span> <span class='ocrx_word' id='word_1_20' title='bbox 1061 1510 1148 1554; x_wconf 85' lang='lat' dir='ltr'>anno</span> <span class='ocrx_word' id='word_1_21' title='bbox 1171 1488 1306 1554; x_wconf 84' lang='lat' dir='ltr'>Domini</span> <span class='ocrx_word' id='word_1_22' title='bbox 1346 1503 1498 1552; x_wconf 77' lang='lat' dir='ltr'>Mccnxx.</span> 
     </span>
    </p>
   </div>
   <div class='ocr_carea' id='block_1_5' title="bbox 281 1562 404 1679">
    <p class='ocr_par' dir='ltr' id='par_1_5' title="bbox 281 1562 404 1679">
     <span class='ocr_line' id='line_1_6' title="bbox 281 1562 404 1614; baseline 0.016 -4"><span class='ocrx_word' id='word_1_23' title='bbox 281 1562 324 1612; x_wconf 88' lang='lat' dir='ltr'>the</span> <span class='ocrx_word' id='word_1_24' title='bbox 335 1577 404 1614; x_wconf 81' lang='lat' dir='ltr'>seme</span> 
     </span>
     <span class='ocr_line' id='line_1_7' title="bbox 281 1629 383 1679; baseline 0.01 -1"><span class='ocrx_word' id='word_1_25' title='bbox 281 1629 320 1678; x_wconf 83' lang='lat' dir='ltr'>t&#39;or</span> <span class='ocrx_word' id='word_1_26' title='bbox 332 1629 383 1679; x_wconf 78' lang='lat' dir='ltr'>lise.</span> 
     </span>
    </p>
   </div>
   <div class='ocr_carea' id='block_1_6' title="bbox 449 1590 1502 2906">
    <p class='ocr_par' dir='ltr' id='par_1_6' title="bbox 449 1590 1502 2906">
     <span class='ocr_line' id='line_1_8' title="bbox 449 1590 1501 1674; baseline -0.005 -15"><span class='ocrx_word' id='word_1_27' title='bbox 449 1594 600 1674; x_wconf 84' lang='lat' dir='ltr'>secunde,</span> <span class='ocrx_word' id='word_1_28' title='bbox 624 1593 666 1658; x_wconf 84' lang='lat' dir='ltr'>ad</span> <span class='ocrx_word' id='word_1_29' title='bbox 689 1592 821 1670; x_wconf 83' lang='lat' dir='ltr'>Pascha,</span> <span class='ocrx_word' id='word_1_30' title='bbox 845 1593 931 1658; x_wconf 87' lang='lat' dir='ltr'>inter</span> <span class='ocrx_word' id='word_1_31' title='bbox 961 1593 1131 1657; x_wconf 88' lang='lat' dir='ltr'>dominum</span> <span class='ocrx_word' id='word_1_32' title='bbox 1165 1591 1368 1656; x_wconf 79' lang='lat' dir='ltr'>Willelmum</span> <span class='ocrx_word' id='word_1_33' title='bbox 1402 1590 1501 1655; x_wconf 86' lang='lat' dir='ltr'>abbe-</span> 
     </span>
     <span class='ocr_line' id='line_1_9' title="bbox 450 1693 1501 1779; baseline -0.005 -19"><span class='ocrx_word' id='word_1_34' title='bbox 450 1702 526 1771; x_wconf 88' lang='lat' dir='ltr'>tem,</span> <span class='ocrx_word' id='word_1_35' title='bbox 565 1701 599 1759; x_wconf 92' lang='lat' dir='ltr'>et</span> <span class='ocrx_word' id='word_1_36' title='bbox 640 1700 839 1760; x_wconf 86' lang='lat' dir='ltr'>conventum</span> <span class='ocrx_word' id='word_1_37' title='bbox 879 1693 1129 1772; x_wconf 73' lang='lat' dir='ltr'>Malmesburiee</span> <span class='ocrx_word' id='word_1_38' title='bbox 1168 1715 1210 1758; x_wconf 81' lang='lat' dir='ltr'>ex</span> <span class='ocrx_word' id='word_1_39' title='bbox 1246 1699 1339 1779; x_wconf 87' lang='lat' dir='ltr'>parte</span> <span class='ocrx_word' id='word_1_40' title='bbox 1362 1714 1437 1769; x_wconf 89' lang='lat' dir='ltr'>una,</span> <span class='ocrx_word' id='word_1_41' title='bbox 1467 1697 1501 1756; x_wconf 94' lang='lat' dir='ltr'>et</span> 
     </span>
     <span class='ocr_line' id='line_1_10' title="bbox 451 1794 1501 1882; baseline -0.005 -20"><span class='ocrx_word' id='word_1_42' title='bbox 451 1795 612 1874; x_wconf 83' lang='lat' dir='ltr'>Sibillam,</span> <span class='ocrx_word' id='word_1_43' title='bbox 628 1797 792 1882; x_wconf 80' lang='lat' dir='ltr'>Agnetem</span> <span class='ocrx_word' id='word_1_44' title='bbox 809 1801 843 1860; x_wconf 91' lang='lat' dir='ltr'>et</span> <span class='ocrx_word' id='word_1_45' title='bbox 867 1795 1049 1873; x_wconf 87' lang='lat' dir='ltr'>Matildem,</span> <span class='ocrx_word' id='word_1_46' title='bbox 1064 1817 1196 1872; x_wconf 82' lang='lat' dir='ltr'>sorores,</span> <span class='ocrx_word' id='word_1_47' title='bbox 1220 1795 1260 1860; x_wconf 92' lang='lat' dir='ltr'>de</span> <span class='ocrx_word' id='word_1_48' title='bbox 1276 1794 1435 1870; x_wconf 83' lang='lat' dir='ltr'>Foxham,</span> <span class='ocrx_word' id='word_1_49' title='bbox 1459 1815 1501 1858; x_wconf 80' lang='lat' dir='ltr'>ex</span> 
     </span>
     <span class='ocr_line' id='line_1_11' title="bbox 450 1895 1501 1982; baseline -0.006 -18"><span class='ocrx_word' id='word_1_50' title='bbox 450 1899 574 1976; x_wconf 75' lang='lat' dir='ltr'>aitera;</span> <span class='ocrx_word' id='word_1_51' title='bbox 605 1897 768 1974; x_wconf 88' lang='lat' dir='ltr'>videlicet,</span> <span class='ocrx_word' id='word_1_52' title='bbox 801 1896 889 1982; x_wconf 89' lang='lat' dir='ltr'>quod</span> <span class='ocrx_word' id='word_1_53' title='bbox 923 1918 997 1962; x_wconf 90' lang='lat' dir='ltr'>cum</span> <span class='ocrx_word' id='word_1_54' title='bbox 1032 1895 1198 1982; x_wconf 80' lang='lat' dir='ltr'>pnedictae</span> <span class='ocrx_word' id='word_1_55' title='bbox 1230 1895 1356 1972; x_wconf 83' lang='lat' dir='ltr'>Sibilla,</span> <span class='ocrx_word' id='word_1_56' title='bbox 1390 1896 1501 1982; x_wconf 84' lang='lat' dir='ltr'><strong>Agnes</strong></span> 
     </span>
     <span class='ocr_line' id='line_1_12' title="bbox 451 1997 1502 2084; baseline -0.004 -19"><span class='ocrx_word' id='word_1_57' title='bbox 451 2006 486 2065; x_wconf 90' lang='lat' dir='ltr'>et</span> <span class='ocrx_word' id='word_1_58' title='bbox 509 1999 667 2076; x_wconf 86' lang='lat' dir='ltr'>Matildis,</span> <span class='ocrx_word' id='word_1_59' title='bbox 690 2021 823 2075; x_wconf 87' lang='lat' dir='ltr'>sorores,</span> <span class='ocrx_word' id='word_1_60' title='bbox 846 1998 1032 2063; x_wconf 84' lang='lat' dir='ltr'>remiserint</span> <span class='ocrx_word' id='word_1_61' title='bbox 1055 2004 1089 2063; x_wconf 91' lang='lat' dir='ltr'>et</span> <span class='ocrx_word' id='word_1_62' title='bbox 1112 1999 1262 2084; x_wconf 90' lang='lat' dir='ltr'>quietum</span> <span class='ocrx_word' id='word_1_63' title='bbox 1285 1997 1502 2063; x_wconf 84' lang='lat' dir='ltr'>clameverint</span> 
     </span>
     <span class='ocr_line' id='line_1_13' title="bbox 451 2100 1502 2187; baseline -0.002 -21"><span class='ocrx_word' id='word_1_64' title='bbox 451 2100 618 2187; x_wconf 83' lang='lat' dir='ltr'>praedietis</span> <span class='ocrx_word' id='word_1_65' title='bbox 652 2100 765 2166; x_wconf 84' lang='lat' dir='ltr'>abbati</span> <span class='ocrx_word' id='word_1_66' title='bbox 789 2107 824 2165; x_wconf 90' lang='lat' dir='ltr'>et</span> <span class='ocrx_word' id='word_1_67' title='bbox 846 2101 1034 2165; x_wconf 87' lang='lat' dir='ltr'>cenventui‘</span> <span class='ocrx_word' id='word_1_68' title='bbox 1051 2109 1085 2165; x_wconf 90' lang='lat' dir='ltr'>et</span> <span class='ocrx_word' id='word_1_69' title='bbox 1108 2121 1221 2165; x_wconf 89' lang='lat' dir='ltr'>eorum</span> <span class='ocrx_word' id='word_1_70' title='bbox 1255 2100 1502 2180; x_wconf 85' lang='lat' dir='ltr'>successoribus,</span> 
     </span>
     <span class='ocr_line' id='line_1_14' title="bbox 452 2193 1501 2290; baseline -0.002 -21"><span class='ocrx_word' id='word_1_71' title='bbox 452 2210 560 2269; x_wconf 91' lang='lat' dir='ltr'>totum</span> <span class='ocrx_word' id='word_1_72' title='bbox 588 2204 645 2290; x_wconf 88' lang='lat' dir='ltr'>jus</span> <span class='ocrx_word' id='word_1_73' title='bbox 676 2210 711 2268; x_wconf 91' lang='lat' dir='ltr'>et</span> <span class='ocrx_word' id='word_1_74' title='bbox 748 2203 903 2269; x_wconf 85' lang='lat' dir='ltr'>clamium</span> <span class='ocrx_word' id='word_1_75' title='bbox 941 2203 1029 2289; x_wconf 90' lang='lat' dir='ltr'>quod</span> <span class='ocrx_word' id='word_1_76' title='bbox 1066 2203 1264 2281; x_wconf 87' lang='lat' dir='ltr'>habuerunt,</span> <span class='ocrx_word' id='word_1_77' title='bbox 1301 2203 1357 2268; x_wconf 90' lang='lat' dir='ltr'>vel</span> <span class='ocrx_word' id='word_1_78' title='bbox 1391 2193 1501 2288; x_wconf 75' lang='lat' dir='ltr'>alique</span> 
     </span>
     <span class='ocr_line' id='line_1_15' title="bbox 452 2303 1502 2390; baseline -0.003 -20"><span class='ocrx_word' id='word_1_79' title='bbox 452 2307 549 2370; x_wconf 90' lang='lat' dir='ltr'>modo</span> <span class='ocrx_word' id='word_1_80' title='bbox 572 2303 691 2370; x_wconf 87' lang='lat' dir='ltr'>habere</span> <span class='ocrx_word' id='word_1_81' title='bbox 714 2312 902 2390; x_wconf 89' lang='lat' dir='ltr'>potuerunt,</span> <span class='ocrx_word' id='word_1_82' title='bbox 918 2307 954 2368; x_wconf 90' lang='lat' dir='ltr'>in</span> <span class='ocrx_word' id='word_1_83' title='bbox 977 2305 1119 2390; x_wconf 83' lang='lat' dir='ltr'>quedam</span> <span class='ocrx_word' id='word_1_84' title='bbox 1142 2310 1230 2370; x_wconf 86' lang='lat' dir='ltr'>terra</span> <span class='ocrx_word' id='word_1_85' title='bbox 1252 2326 1327 2370; x_wconf 88' lang='lat' dir='ltr'>cum</span> <span class='ocrx_word' id='word_1_86' title='bbox 1350 2305 1502 2369; x_wconf 87' lang='lat' dir='ltr'>omnibus</span> 
     </span>
     <span class='ocr_line' id='line_1_16' title="bbox 452 2407 1501 2496; baseline -0.002 -22"><span class='ocrx_word' id='word_1_87' title='bbox 452 2409 663 2496; x_wconf 70' lang='lat' dir='ltr'>pertinentiis</span> <span class='ocrx_word' id='word_1_88' title='bbox 687 2410 762 2486; x_wconf 86' lang='lat' dir='ltr'>suis,</span> <span class='ocrx_word' id='word_1_89' title='bbox 795 2429 868 2492; x_wconf 83' lang='lat' dir='ltr'>quae</span> <span class='ocrx_word' id='word_1_90' title='bbox 900 2408 965 2472; x_wconf 83' lang='lat' dir='ltr'>fuit</span> <span class='ocrx_word' id='word_1_91' title='bbox 996 2407 1176 2493; x_wconf 84' lang='lat' dir='ltr'>aliquande</span> <span class='ocrx_word' id='word_1_92' title='bbox 1199 2407 1357 2472; x_wconf 86' lang='lat' dir='ltr'>Willelmi</span> <span class='ocrx_word' id='word_1_93' title='bbox 1390 2407 1501 2472; x_wconf 85' lang='lat' dir='ltr'>fratris</span> 
     </span>
     <span class='ocr_line' id='line_1_17' title="bbox 452 2510 1502 2596; baseline -0.004 -18"><span class='ocrx_word' id='word_1_94' title='bbox 452 2535 564 2578; x_wconf 84' lang='lat' dir='ltr'>earum</span> <span class='ocrx_word' id='word_1_95' title='bbox 587 2512 623 2576; x_wconf 92' lang='lat' dir='ltr'>in</span> <span class='ocrx_word' id='word_1_96' title='bbox 654 2511 811 2588; x_wconf 84' lang='lat' dir='ltr'>Fexhem,</span> <span class='ocrx_word' id='word_1_97' title='bbox 846 2511 996 2596; x_wconf 87' lang='lat' dir='ltr'>preedicti</span> <span class='ocrx_word' id='word_1_98' title='bbox 1023 2510 1124 2576; x_wconf 86' lang='lat' dir='ltr'>abbas</span> <span class='ocrx_word' id='word_1_99' title='bbox 1159 2517 1192 2575; x_wconf 88' lang='lat' dir='ltr'>et</span> <span class='ocrx_word' id='word_1_100' title='bbox 1214 2517 1396 2577; x_wconf 84' lang='lat' dir='ltr'>conventus</span> <span class='ocrx_word' id='word_1_101' title='bbox 1427 2531 1502 2575; x_wconf 90' lang='lat' dir='ltr'>eon-</span> 
     </span>
     <span class='ocr_line' id='line_1_18' title="bbox 451 2613 1501 2700; baseline -0.005 -19"><span class='ocrx_word' id='word_1_102' title='bbox 451 2623 619 2681; x_wconf 84' lang='lat' dir='ltr'>cesserunt</span> <span class='ocrx_word' id='word_1_103' title='bbox 651 2613 817 2700; x_wconf 85' lang='lat' dir='ltr'>praedictis</span> <span class='ocrx_word' id='word_1_104' title='bbox 841 2613 977 2690; x_wconf 86' lang='lat' dir='ltr'>Sibillae,</span> <span class='ocrx_word' id='word_1_105' title='bbox 1002 2614 1126 2700; x_wconf 79' lang='lat' dir='ltr'>Agneti</span> <span class='ocrx_word' id='word_1_106' title='bbox 1159 2619 1193 2678; x_wconf 92' lang='lat' dir='ltr'>et</span> <span class='ocrx_word' id='word_1_107' title='bbox 1223 2613 1365 2692; x_wconf 89' lang='lat' dir='ltr'>Matildi,</span> <span class='ocrx_word' id='word_1_108' title='bbox 1395 2619 1501 2678; x_wconf 86' lang='lat' dir='ltr'>totam</span> 
     </span>
     <span class='ocr_line' id='line_1_19' title="bbox 451 2716 1502 2804; baseline -0.004 -20"><span class='ocrx_word' id='word_1_109' title='bbox 451 2719 642 2804; x_wconf 83' lang='lat' dir='ltr'>praedictam</span> <span class='ocrx_word' id='word_1_110' title='bbox 677 2723 798 2781; x_wconf 87' lang='lat' dir='ltr'>terram</span> <span class='ocrx_word' id='word_1_111' title='bbox 830 2717 982 2781; x_wconf 85' lang='lat' dir='ltr'>omnibus</span> <span class='ocrx_word' id='word_1_112' title='bbox 1012 2716 1128 2781; x_wconf 84' lang='lat' dir='ltr'>diebus</span> <span class='ocrx_word' id='word_1_113' title='bbox 1159 2716 1239 2781; x_wconf 87' lang='lat' dir='ltr'>vitae</span> <span class='ocrx_word' id='word_1_114' title='bbox 1274 2737 1393 2792; x_wconf 85' lang='lat' dir='ltr'>earum,</span> <span class='ocrx_word' id='word_1_115' title='bbox 1428 2737 1502 2780; x_wconf 89' lang='lat' dir='ltr'>eum</span> 
     </span>
     <span class='ocr_line' id='line_1_20' title="bbox 451 2818 1500 2906; baseline -0.004 -20"><span class='ocrx_word' id='word_1_116' title='bbox 451 2827 524 2886; x_wconf 84' lang='lat' dir='ltr'>tota</span> <span class='ocrx_word' id='word_1_117' title='bbox 554 2826 643 2886; x_wconf 89' lang='lat' dir='ltr'>terra</span> <span class='ocrx_word' id='word_1_118' title='bbox 665 2820 846 2905; x_wconf 76' lang='lat' dir='ltr'>illaquam</span> <span class='ocrx_word' id='word_1_119' title='bbox 879 2819 1004 2884; x_wconf 88' lang='lat' dir='ltr'>Editha</span> <span class='ocrx_word' id='word_1_120' title='bbox 1035 2841 1120 2884; x_wconf 83' lang='lat' dir='ltr'>uxor</span> <span class='ocrx_word' id='word_1_121' title='bbox 1152 2819 1318 2904; x_wconf 82' lang='lat' dir='ltr'>quondam</span> <span class='ocrx_word' id='word_1_122' title='bbox 1350 2818 1500 2906; x_wconf 82' lang='lat' dir='ltr'>praedicti</span> 
     </span>
    </p>
   </div>
   <div class='ocr_carea' id='block_1_7' title="bbox 451 2919 1504 3526">
    <p class='ocr_par' dir='ltr' id='par_1_7' title="bbox 451 2919 1504 3526">
     <span class='ocr_line' id='line_1_21' title="bbox 452 2919 1502 3010; baseline -0.002 -22"><span class='ocrx_word' id='word_1_123' title='bbox 452 2923 608 2990; x_wconf 89' lang='lat' dir='ltr'>Willelmi</span> <span class='ocrx_word' id='word_1_124' title='bbox 624 2923 734 2988; x_wconf 84' lang='lat' dir='ltr'>fratris</span> <span class='ocrx_word' id='word_1_125' title='bbox 750 2944 861 2988; x_wconf 86' lang='lat' dir='ltr'>earum</span> <span class='ocrx_word' id='word_1_126' title='bbox 877 2927 977 3000; x_wconf 92' lang='lat' dir='ltr'>tenet,</span> <span class='ocrx_word' id='word_1_127' title='bbox 994 2923 1021 2987; x_wconf 89' lang='lat' dir='ltr'>si</span> <span class='ocrx_word' id='word_1_128' title='bbox 1038 2923 1209 3010; x_wconf 86' lang='lat' dir='ltr'>contingat</span> <span class='ocrx_word' id='word_1_129' title='bbox 1224 2923 1329 3008; x_wconf 86' lang='lat' dir='ltr'>ipsam</span> <span class='ocrx_word' id='word_1_130' title='bbox 1347 2919 1502 2986; x_wconf 85' lang='lat' dir='ltr'>Editham</span> 
     </span>
     <span class='ocr_line' id='line_1_22' title="bbox 451 3017 1504 3114; baseline -0.003 -21"><span class='ocrx_word' id='word_1_131' title='bbox 451 3035 529 3094; x_wconf 89' lang='lat' dir='ltr'>ante</span> <span class='ocrx_word' id='word_1_132' title='bbox 552 3027 725 3114; x_wconf 74' lang='lat' dir='ltr'>pnaedictes</span> <span class='ocrx_word' id='word_1_133' title='bbox 748 3025 908 3104; x_wconf 72' lang='lat' dir='ltr'>Sibillam,</span> <span class='ocrx_word' id='word_1_134' title='bbox 924 3025 1087 3112; x_wconf 85' lang='lat' dir='ltr'>Agnetem</span> <span class='ocrx_word' id='word_1_135' title='bbox 1110 3025 1145 3090; x_wconf 86' lang='lat' dir='ltr'>et</span> <span class='ocrx_word' id='word_1_136' title='bbox 1168 3023 1339 3090; x_wconf 87' lang='lat' dir='ltr'>Matildem</span> <span class='ocrx_word' id='word_1_137' title='bbox 1369 3025 1406 3088; x_wconf 91' lang='lat' dir='ltr'>in</span> <span class='ocrx_word' id='word_1_138' title='bbox 1436 3017 1504 3090; x_wconf 75' lang='lat' dir='ltr'>&#39;iata</span> 
     </span>
     <span class='ocr_line' id='line_1_23' title="bbox 453 3127 1502 3212; baseline -0.002 -18"><span class='ocrx_word' id='word_1_139' title='bbox 453 3131 629 3196; x_wconf 86' lang='lat' dir='ltr'>decedere:</span> <span class='ocrx_word' id='word_1_140' title='bbox 666 3129 853 3194; x_wconf 88' lang='lat' dir='ltr'>habendam</span> <span class='ocrx_word' id='word_1_141' title='bbox 888 3133 922 3194; x_wconf 92' lang='lat' dir='ltr'>et</span> <span class='ocrx_word' id='word_1_142' title='bbox 955 3129 1132 3194; x_wconf 82' lang='lat' dir='ltr'>tenendam</span> <span class='ocrx_word' id='word_1_143' title='bbox 1171 3133 1276 3193; x_wconf 84' lang='lat' dir='ltr'>totam</span> <span class='ocrx_word' id='word_1_144' title='bbox 1311 3127 1502 3212; x_wconf 80' lang='lat' dir='ltr'>praedictam</span> 
     </span>
     <span class='ocr_line' id='line_1_24' title="bbox 453 3233 1502 3321; baseline -0.004 -19"><span class='ocrx_word' id='word_1_145' title='bbox 453 3244 584 3314; x_wconf 72' lang='lat' dir='ltr'>tenena,</span> <span class='ocrx_word' id='word_1_146' title='bbox 607 3257 683 3301; x_wconf 87' lang='lat' dir='ltr'>cum</span> <span class='ocrx_word' id='word_1_147' title='bbox 718 3241 790 3300; x_wconf 89' lang='lat' dir='ltr'>tota</span> <span class='ocrx_word' id='word_1_148' title='bbox 812 3241 902 3300; x_wconf 87' lang='lat' dir='ltr'>terra</span> <span class='ocrx_word' id='word_1_149' title='bbox 932 3256 1033 3320; x_wconf 90' lang='lat' dir='ltr'>quam</span> <span class='ocrx_word' id='word_1_150' title='bbox 1065 3235 1224 3321; x_wconf 78' lang='lat' dir='ltr'>pnaedicta</span> <span class='ocrx_word' id='word_1_151' title='bbox 1247 3233 1371 3300; x_wconf 88' lang='lat' dir='ltr'>Editha</span> <span class='ocrx_word' id='word_1_152' title='bbox 1403 3239 1502 3310; x_wconf 71' lang='lat' dir='ltr'>tenet</span> 
     </span>
     <span class='ocr_line' id='line_1_25' title="bbox 454 3335 1502 3425; baseline -0.005 -21"><span class='ocrx_word' id='word_1_153' title='bbox 454 3361 528 3404; x_wconf 90' lang='lat' dir='ltr'>cum</span> <span class='ocrx_word' id='word_1_154' title='bbox 559 3339 723 3414; x_wconf 78' lang='lat' dir='ltr'>acciderit,</span> <span class='ocrx_word' id='word_1_155' title='bbox 763 3338 930 3425; x_wconf 85' lang='lat' dir='ltr'>praedictis</span> <span class='ocrx_word' id='word_1_156' title='bbox 965 3336 1100 3414; x_wconf 80' lang='lat' dir='ltr'>Sibillae,</span> <span class='ocrx_word' id='word_1_157' title='bbox 1135 3338 1258 3424; x_wconf 83' lang='lat' dir='ltr'>Agneti</span> <span class='ocrx_word' id='word_1_158' title='bbox 1295 3342 1331 3403; x_wconf 93' lang='lat' dir='ltr'>et</span> <span class='ocrx_word' id='word_1_159' title='bbox 1361 3335 1502 3414; x_wconf 82' lang='lat' dir='ltr'>Matildi,</span> 
     </span>
     <span class='ocr_line' id='line_1_26' title="bbox 454 3439 1504 3526; baseline -0.004 -19"><span class='ocrx_word' id='word_1_160' title='bbox 454 3442 606 3507; x_wconf 89' lang='lat' dir='ltr'>omnibus</span> <span class='ocrx_word' id='word_1_161' title='bbox 631 3441 747 3505; x_wconf 91' lang='lat' dir='ltr'>diebus</span> <span class='ocrx_word' id='word_1_162' title='bbox 775 3441 854 3505; x_wconf 84' lang='lat' dir='ltr'>vitae</span> <span class='ocrx_word' id='word_1_163' title='bbox 887 3462 1008 3518; x_wconf 79' lang='lat' dir='ltr'>samm,</span> <span class='ocrx_word' id='word_1_164' title='bbox 1032 3439 1141 3517; x_wconf 90' lang='lat' dir='ltr'>libere,</span> <span class='ocrx_word' id='word_1_165' title='bbox 1167 3441 1287 3526; x_wconf 90' lang='lat' dir='ltr'>quiete,</span> <span class='ocrx_word' id='word_1_166' title='bbox 1311 3441 1447 3526; x_wconf 82' lang='lat' dir='ltr'>integre,</span> <span class='ocrx_word' id='word_1_167' title='bbox 1469 3447 1504 3504; x_wconf 90' lang='lat' dir='ltr'>et</span> 
     </span>
    </p>
   </div>
   <div class='ocr_carea' id='block_1_8' title="bbox 453 3542 1504 4347">
    <p class='ocr_par' dir='ltr' id='par_1_8' title="bbox 453 3542 1504 4347">
     <span class='ocr_line' id='line_1_27' title="bbox 453 3542 1504 3629; baseline -0.004 -19"><span class='ocrx_word' id='word_1_168' title='bbox 453 3545 611 3628; x_wconf 88' lang='lat' dir='ltr'>pacifice:</span> <span class='ocrx_word' id='word_1_169' title='bbox 642 3544 808 3609; x_wconf 89' lang='lat' dir='ltr'>reddendo</span> <span class='ocrx_word' id='word_1_170' title='bbox 827 3545 1001 3608; x_wconf 84' lang='lat' dir='ltr'>annuatim</span> <span class='ocrx_word' id='word_1_171' title='bbox 1032 3542 1197 3629; x_wconf 70' lang='lat' dir='ltr'>predictis</span> <span class='ocrx_word' id='word_1_172' title='bbox 1227 3542 1342 3608; x_wconf 85' lang='lat' dir='ltr'>abbati</span> <span class='ocrx_word' id='word_1_173' title='bbox 1372 3549 1407 3606; x_wconf 91' lang='lat' dir='ltr'>et</span> <span class='ocrx_word' id='word_1_174' title='bbox 1429 3564 1504 3607; x_wconf 86' lang='lat' dir='ltr'>eon·</span> 
     </span>
     <span class='ocr_line' id='line_1_28' title="bbox 453 3644 1503 3731; baseline 0 -23"><span class='ocrx_word' id='word_1_175' title='bbox 453 3647 570 3711; x_wconf 88' lang='lat' dir='ltr'>ventui</span> <span class='ocrx_word' id='word_1_176' title='bbox 593 3668 652 3731; x_wconf 90' lang='lat' dir='ltr'>pro</span> <span class='ocrx_word' id='word_1_177' title='bbox 685 3651 758 3711; x_wconf 88' lang='lat' dir='ltr'>tota</span> <span class='ocrx_word' id='word_1_178' title='bbox 788 3651 876 3710; x_wconf 86' lang='lat' dir='ltr'>terra</span> <span class='ocrx_word' id='word_1_179' title='bbox 910 3646 1069 3731; x_wconf 69' lang='lat' dir='ltr'>praedicta</span> <span class='ocrx_word' id='word_1_180' title='bbox 1099 3645 1348 3731; x_wconf 80' lang='lat' dir='ltr'>quatuordeeim</span> <span class='ocrx_word' id='word_1_181' title='bbox 1383 3644 1503 3710; x_wconf 87' lang='lat' dir='ltr'>solidos</span> 
     </span>
     <span class='ocr_line' id='line_1_29' title="bbox 453 3747 1502 3834; baseline -0.002 -20"><span class='ocrx_word' id='word_1_182' title='bbox 453 3749 496 3814; x_wconf 88' lang='lat' dir='ltr'>ad</span> <span class='ocrx_word' id='word_1_183' title='bbox 519 3754 662 3834; x_wconf 87' lang='lat' dir='ltr'>quatuor</span> <span class='ocrx_word' id='word_1_184' title='bbox 694 3749 774 3813; x_wconf 87' lang='lat' dir='ltr'>anni</span> <span class='ocrx_word' id='word_1_185' title='bbox 809 3749 977 3824; x_wconf 85' lang='lat' dir='ltr'>terminos,</span> <span class='ocrx_word' id='word_1_186' title='bbox 1009 3747 1170 3824; x_wconf 87' lang='lat' dir='ltr'>videlicet,</span> <span class='ocrx_word' id='word_1_187' title='bbox 1205 3747 1248 3813; x_wconf 85' lang='lat' dir='ltr'>ad</span> <span class='ocrx_word' id='word_1_188' title='bbox 1280 3747 1502 3814; x_wconf 73' lang='lat' dir='ltr'>Nativitatem</span> 
     </span>
     <span class='ocr_line' id='line_1_30' title="bbox 454 3850 1504 3938; baseline -0.001 -22"><span class='ocrx_word' id='word_1_189' title='bbox 454 3851 550 3916; x_wconf 90' lang='lat' dir='ltr'>Beati</span> <span class='ocrx_word' id='word_1_190' title='bbox 572 3851 734 3917; x_wconf 67' lang='lat' dir='ltr'>{Iohannis</span> <span class='ocrx_word' id='word_1_191' title='bbox 757 3851 917 3938; x_wconf 74' lang='lat' dir='ltr'>Baptistae</span> <span class='ocrx_word' id='word_1_192' title='bbox 941 3857 1008 3915; x_wconf 82' lang='lat' dir='ltr'>tres</span> <span class='ocrx_word' id='word_1_193' title='bbox 1040 3851 1160 3915; x_wconf 83' lang='lat' dir='ltr'>solidos</span> <span class='ocrx_word' id='word_1_194' title='bbox 1192 3854 1226 3914; x_wconf 86' lang='lat' dir='ltr'>et</span> <span class='ocrx_word' id='word_1_195' title='bbox 1258 3871 1316 3915; x_wconf 85' lang='lat' dir='ltr'>sex</span> <span class='ocrx_word' id='word_1_196' title='bbox 1347 3850 1504 3928; x_wconf 80' lang='lat' dir='ltr'>denarios,</span> 
     </span>
     <span class='ocr_line' id='line_1_31' title="bbox 454 3951 1504 4030; baseline -0.003 -11"><span class='ocrx_word' id='word_1_197' title='bbox 454 3955 497 4019; x_wconf 85' lang='lat' dir='ltr'>ad</span> <span class='ocrx_word' id='word_1_198' title='bbox 520 3958 640 4019; x_wconf 83' lang='lat' dir='ltr'>festum</span> <span class='ocrx_word' id='word_1_199' title='bbox 665 3955 779 4020; x_wconf 80' lang='lat' dir='ltr'>Sancti</span> <span class='ocrx_word' id='word_1_200' title='bbox 795 3952 965 4018; x_wconf 82' lang='lat' dir='ltr'>Michaelis</span> <span class='ocrx_word' id='word_1_201' title='bbox 989 3961 1055 4016; x_wconf 88' lang='lat' dir='ltr'>tres</span> <span class='ocrx_word' id='word_1_202' title='bbox 1079 3952 1199 4017; x_wconf 86' lang='lat' dir='ltr'>solidos</span> <span class='ocrx_word' id='word_1_203' title='bbox 1215 3957 1250 4015; x_wconf 89' lang='lat' dir='ltr'>et</span> <span class='ocrx_word' id='word_1_204' title='bbox 1272 3973 1330 4016; x_wconf 83' lang='lat' dir='ltr'>sex</span> <span class='ocrx_word' id='word_1_205' title='bbox 1346 3951 1504 4030; x_wconf 84' lang='lat' dir='ltr'>denarios,</span> 
     </span>
     <span class='ocr_line' id='line_1_32' title="bbox 454 4055 1504 4134; baseline -0.002 -12"><span class='ocrx_word' id='word_1_206' title='bbox 454 4056 634 4122; x_wconf 71' lang='lat' dir='ltr'>adfectum</span> <span class='ocrx_word' id='word_1_207' title='bbox 658 4056 773 4122; x_wconf 80' lang='lat' dir='ltr'>Sancti</span> <span class='ocrx_word' id='word_1_208' title='bbox 795 4056 937 4120; x_wconf 82' lang='lat' dir='ltr'>Andreae</span> <span class='ocrx_word' id='word_1_209' title='bbox 968 4063 1035 4120; x_wconf 84' lang='lat' dir='ltr'>tres</span> <span class='ocrx_word' id='word_1_210' title='bbox 1058 4055 1178 4119; x_wconf 87' lang='lat' dir='ltr'>solidos</span> <span class='ocrx_word' id='word_1_211' title='bbox 1201 4060 1235 4119; x_wconf 92' lang='lat' dir='ltr'>et</span> <span class='ocrx_word' id='word_1_212' title='bbox 1258 4077 1316 4120; x_wconf 88' lang='lat' dir='ltr'>sex</span> <span class='ocrx_word' id='word_1_213' title='bbox 1347 4055 1504 4134; x_wconf 88' lang='lat' dir='ltr'>denarios,</span> 
     </span>
     <span class='ocr_line' id='line_1_33' title="bbox 455 4157 1504 4225; baseline -0.003 0"><span class='ocrx_word' id='word_1_214' title='bbox 455 4160 554 4225; x_wconf 87' lang='lat' dir='ltr'>etad</span> <span class='ocrx_word' id='word_1_215' title='bbox 577 4159 697 4224; x_wconf 88' lang='lat' dir='ltr'>festum</span> <span class='ocrx_word' id='word_1_216' title='bbox 721 4158 999 4223; x_wconf 89' lang='lat' dir='ltr'>Annunciaticnis</span> <span class='ocrx_word' id='word_1_217' title='bbox 1023 4158 1135 4222; x_wconf 83' lang='lat' dir='ltr'>Beatae</span> <span class='ocrx_word' id='word_1_218' title='bbox 1159 4157 1273 4222; x_wconf 76' lang='lat' dir='ltr'>Mariae</span> <span class='ocrx_word' id='word_1_219' title='bbox 1297 4163 1363 4223; x_wconf 85' lang='lat' dir='ltr'>tres</span> <span class='ocrx_word' id='word_1_220' title='bbox 1386 4158 1504 4224; x_wconf 88' lang='lat' dir='ltr'>solidos</span> 
     </span>
     <span class='ocr_line' id='line_1_34' title="bbox 455 4259 1504 4347; baseline -0.001 -20"><span class='ocrx_word' id='word_1_221' title='bbox 455 4267 489 4327; x_wconf 92' lang='lat' dir='ltr'>et</span> <span class='ocrx_word' id='word_1_222' title='bbox 511 4285 570 4328; x_wconf 86' lang='lat' dir='ltr'>sex</span> <span class='ocrx_word' id='word_1_223' title='bbox 592 4263 751 4337; x_wconf 68' lang='lat' dir='ltr'>denarios</span> <span class='ocrx_word' id='word_1_224' title='bbox 782 4283 840 4347; x_wconf 85' lang='lat' dir='ltr'>pro</span> <span class='ocrx_word' id='word_1_225' title='bbox 871 4260 959 4324; x_wconf 90' lang='lat' dir='ltr'>omni</span> <span class='ocrx_word' id='word_1_226' title='bbox 993 4259 1131 4325; x_wconf 82' lang='lat' dir='ltr'>servicio</span> <span class='ocrx_word' id='word_1_227' title='bbox 1164 4259 1312 4337; x_wconf 76' lang='lat' dir='ltr'>seculari,</span> <span class='ocrx_word' id='word_1_228' title='bbox 1335 4263 1504 4327; x_wconf 85' lang='lat' dir='ltr'>exactione</span> 
     </span>
    </p>
   </div>
   <div class='ocr_carea' id='block_1_9' title="bbox 394 4364 1505 4452">
    <p class='ocr_par' dir='ltr' id='par_1_9' title="bbox 394 4364 1505 4452">
     <span class='ocr_line' id='line_1_35' title="bbox 394 4364 1505 4452; baseline -0.002 -19"><span class='ocrx_word' id='word_1_229' title='bbox 394 4391 399 4400; x_wconf 94' lang='lat'><strong>·</strong></span> <span class='ocrx_word' id='word_1_230' title='bbox 455 4374 490 4433; x_wconf 90' lang='lat' dir='ltr'>et</span> <span class='ocrx_word' id='word_1_231' title='bbox 512 4369 685 4437; x_wconf 82' lang='lat' dir='ltr'>demenda.</span> <span class='ocrx_word' id='word_1_232' title='bbox 724 4366 895 4431; x_wconf 73' lang='lat' dir='ltr'>P1aedictae</span> <span class='ocrx_word' id='word_1_233' title='bbox 919 4387 996 4430; x_wconf 90' lang='lat' dir='ltr'>vero</span> <span class='ocrx_word' id='word_1_234' title='bbox 1020 4364 1147 4442; x_wconf 80' lang='lat' dir='ltr'>Sibilla,</span> <span class='ocrx_word' id='word_1_235' title='bbox 1162 4365 1275 4452; x_wconf 82' lang='lat' dir='ltr'>Agnes</span> <span class='ocrx_word' id='word_1_236' title='bbox 1300 4372 1334 4430; x_wconf 94' lang='lat' dir='ltr'>et</span> <span class='ocrx_word' id='word_1_237' title='bbox 1358 4365 1505 4432; x_wconf 84' lang='lat' dir='ltr'>Matildis</span> 
     </span>
    </p>
   </div>
   <div class='ocr_carea' id='block_1_10' title="bbox 454 4467 1506 4868">
    <p class='ocr_par' dir='ltr' id='par_1_10' title="bbox 454 4467 1506 4868">
     <span class='ocr_line' id='line_1_36' title="bbox 455 4467 1506 4555; baseline -0.001 -18"><span class='ocrx_word' id='word_1_238' title='bbox 455 4473 567 4537; x_wconf 86' lang='lat' dir='ltr'>domos</span> <span class='ocrx_word' id='word_1_239' title='bbox 583 4477 618 4536; x_wconf 91' lang='lat' dir='ltr'>et</span> <span class='ocrx_word' id='word_1_240' title='bbox 633 4471 698 4534; x_wconf 88' lang='lat' dir='ltr'>alia</span> <span class='ocrx_word' id='word_1_241' title='bbox 720 4471 763 4544; x_wconf 81' lang='lat' dir='ltr'>ed</span> <span class='ocrx_word' id='word_1_242' title='bbox 786 4469 976 4555; x_wconf 77' lang='lat' dir='ltr'>preedicteni</span> <span class='ocrx_word' id='word_1_243' title='bbox 1002 4477 1122 4533; x_wconf 70' lang='lat' dir='ltr'>terram</span> <span class='ocrx_word' id='word_1_244' title='bbox 1138 4467 1340 4553; x_wconf 85' lang='lat' dir='ltr'>pertinentia</span> <span class='ocrx_word' id='word_1_245' title='bbox 1362 4470 1398 4533; x_wconf 91' lang='lat' dir='ltr'>in</span> <span class='ocrx_word' id='word_1_246' title='bbox 1421 4470 1506 4536; x_wconf 89' lang='lat' dir='ltr'>bono</span> 
     </span>
     <span class='ocr_line' id='line_1_37' title="bbox 454 4569 1506 4658; baseline -0.003 -19"><span class='ocrx_word' id='word_1_247' title='bbox 454 4581 544 4639; x_wconf 86' lang='lat' dir='ltr'>statu</span> <span class='ocrx_word' id='word_1_248' title='bbox 567 4573 652 4638; x_wconf 87' lang='lat' dir='ltr'>sicut</span> <span class='ocrx_word' id='word_1_249' title='bbox 681 4573 769 4658; x_wconf 85' lang='lat' dir='ltr'>ipses</span> <span class='ocrx_word' id='word_1_250' title='bbox 800 4575 1000 4656; x_wconf 85' lang='lat' dir='ltr'>receperunt,</span> <span class='ocrx_word' id='word_1_251' title='bbox 1024 4572 1078 4635; x_wconf 89' lang='lat' dir='ltr'>vel</span> <span class='ocrx_word' id='word_1_252' title='bbox 1100 4569 1237 4648; x_wconf 86' lang='lat' dir='ltr'>meliori,</span> <span class='ocrx_word' id='word_1_253' title='bbox 1269 4571 1336 4635; x_wconf 86' lang='lat' dir='ltr'>suis</span> <span class='ocrx_word' id='word_1_254' title='bbox 1367 4570 1506 4658; x_wconf 87' lang='lat' dir='ltr'>propriis</span> 
     </span>
     <span class='ocr_line' id='line_1_38' title="bbox 455 4674 1505 4763; baseline -0.002 -21"><span class='ocrx_word' id='word_1_255' title='bbox 455 4677 641 4763; x_wconf 88' lang='lat' dir='ltr'>sumptibus</span> <span class='ocrx_word' id='word_1_256' title='bbox 672 4675 919 4741; x_wconf 83' lang='lat' dir='ltr'>conservabunt.</span> <span class='ocrx_word' id='word_1_257' title='bbox 983 4674 1053 4740; x_wconf 88' lang='lat' dir='ltr'>Nec</span> <span class='ocrx_word' id='word_1_258' title='bbox 1093 4674 1190 4740; x_wconf 86' lang='lat' dir='ltr'>liceat</span> <span class='ocrx_word' id='word_1_259' title='bbox 1225 4675 1347 4740; x_wconf 87' lang='lat' dir='ltr'>eisdem</span> <span class='ocrx_word' id='word_1_260' title='bbox 1380 4675 1505 4740; x_wconf 83' lang='lat' dir='ltr'>Sibillae</span> 
     </span>
     <span class='ocr_line' id='line_1_39' title="bbox 454 4777 1506 4868; baseline 0 -23"><span class='ocrx_word' id='word_1_261' title='bbox 454 4781 577 4868; x_wconf 82' lang='lat' dir='ltr'>Agneti</span> <span class='ocrx_word' id='word_1_262' title='bbox 601 4785 635 4845; x_wconf 91' lang='lat' dir='ltr'>et</span> <span class='ocrx_word' id='word_1_263' title='bbox 659 4777 790 4844; x_wconf 86' lang='lat' dir='ltr'>Matildi</span> <span class='ocrx_word' id='word_1_264' title='bbox 826 4778 1018 4863; x_wconf 80' lang='lat' dir='ltr'>pnedictem</span> <span class='ocrx_word' id='word_1_265' title='bbox 1042 4783 1163 4843; x_wconf 85' lang='lat' dir='ltr'>terram</span> <span class='ocrx_word' id='word_1_266' title='bbox 1186 4777 1286 4846; x_wconf 83' lang='lat' dir='ltr'>elicui</span> <span class='ocrx_word' id='word_1_267' title='bbox 1309 4777 1396 4857; x_wconf 77' lang='lat' dir='ltr'>dere,</span> <span class='ocrx_word' id='word_1_268' title='bbox 1426 4801 1506 4846; x_wconf 88' lang='lat' dir='ltr'>ven-</span> 
     </span>
    </p>
   </div>
   <div class='ocr_carea' id='block_1_11' title="bbox 0 0 1796 5820">
    <p class='ocr_par' dir='ltr' id='par_1_11' title="bbox 0 0 1796 5820">
     <span class='ocr_line' id='line_1_40' title="bbox 0 0 1796 5820; baseline 0 0"><span class='ocrx_word' id='word_1_269' title='bbox 0 0 1796 5820; x_wconf 95' lang='lat' dir='ltr'> </span> 
     </span>
    </p>
   </div>
   <div class='ocr_carea' id='block_1_12' title="bbox 1781 13 1785 668">
    <p class='ocr_par' dir='ltr' id='par_1_12' title="bbox 1781 13 1785 668">
     <span class='ocr_line' id='line_1_41' title="bbox 1781 13 1785 668; baseline 0 0"><span class='ocrx_word' id='word_1_270' title='bbox 1781 13 1785 668; x_wconf 95' lang='lat' dir='ltr'> </span> 
     </span>
    </p>
   </div>
  </div>
 </body>
</html>
