3524 5808
432 839 496 904 342
684 850 884 904 nuursraun
908 849 1233 902 nmnnseunmusn.

804 1132 884 1200 Car.
909 1133 1121 1202 OCOOLIII.

439 1305 542 1372 Oorto
577 1305 720 1393 dompni
759 1307 918 1372 Willelmi
952 1307 1082 1373 obbatis
1108 1307 1206 1394 fecto
1239 1307 1421 1374 conventui
1452 1305 1491 1371 de

527 1417 709 1475 tenemento
743 1409 920 1495 quondam
952 1409 1083 1476 Emmoe
1115 1409 1237 1490 Florio,
1269 1417 1298 1475 et
1335 1412 1377 1475 cle
1408 1417 1492 1474 teroe-

528 1519 639 1578 mcnto
669 1509 733 1577 sito
756 1519 874 1576 ceretro
898 1512 1064 1596 capellam
1088 1512 1257 1580 carata-m
1278 1512 1493 1588 Sanctorum,

527 1637 593 1699 pro
616 1635 733 1678 neuneu
756 1614 796 1678 de
819 1613 1012 1679 Fouleseolse.

271 1803 381 1868 assign-
491 1786 653 1852 Omnibus
680 1791 802 1851 sanctae
836 1787 952 1851 matris
975 1787 1119 1852 ecclesiae
1143 1787 1230 1863 filiis,
1262 1795 1296 1852 et
1330 1789 1494 1874 praecipue

271 1870 432 1986 ssgssgffl
445 1890 621 1954 abbatibus
643 1893 678 1953 a
700 1889 859 1954 fraribus
876 1889 911 1952 in
928 1889 1212 1956 numanatensi
1235 1891 1378 1968 cenobio,
1401 1891 1495 1956 noba

272 2005 343 2052 these
445 2015 503 2078 per
526 1993 668 2077 gratiam
692 1990 755 2055 Dei
779 1992 985 2069 successuris,
1008 1991 1112 2056 frater
1135 1992 1320 2058 Willelmus
1344 1993 1422 2058 licet
1444 1993 1495 2056 in-

273 2071 423 2185 }ffiglffip
446 2096 566 2180 (lignus
582 2094 883 2158 Malmesburicnsis
907 2094 1051 2160 ecclesiae
1070 2095 1220 2160 minister
1242 2095 1386 2171 humilis,
1409 2095 1495 2159 salu-

273 2203 393 2266 pittanee,
447 2204 513 2262 tem
529 2197 565 2261 in
581 2197 725 2261 Domino
740 2197 982 2282 sempiternam.
1023 2197 1186 2277 Quoniam
1202 2199 1290 2264 facta
1305 2198 1494 2264 mortalium

273 2271 415 2385 ffiffie‘rm
445 2323 504 2385 per
531 2305 717 2385 temporum
740 2300 957 2365 variationem
981 2306 1015 2365 et
1045 2301 1255 2386 praelatorum
1277 2301 1494 2366 mutationem

274 2427 292 2478 s,
305 2431 362 2477 292,
445 2402 604 2466 oblivioni
639 2403 679 2466 de
701 2401 801 2467 *facili
837 2403 1025 2480 traduntur,
1046 2403 1111 2466 nisi
1135 2405 1308 2490 scripturae
1338 2402 1495 2468 beneficio

443 2507 644 2582 muniantur,
668 2504 710 2568 ad
742 2505 969 2570 universitatis
1002 2511 1120 2571 vestrae
1154 2507 1308 2571 notitiam
1343 2506 1495 2570 volumus

443 2609 622 2692 pervenire,
645 2607 733 2691 quod
767 2629 842 2673 cum
877 2613 1059 2672 conventus
1089 2614 1200 2674 noster
1229 2631 1330 2674 unam
1353 2628 1494 2672 marcam

443 2711 483 2774 de
516 2711 734 2794 Fouleswyke
766 2711 808 2774 ad
846 2711 1108 2776 anniversarium
1148 2713 1297 2798 magistri
1333 2711 1364 2774 N
1368 2709 1496 2784 icholai,

443 2815 609 2896 quondam
641 2812 775 2878 rectoris
805 2813 948 2878 ecclesiae
980 2813 1021 2876 dc
1046 2812 1332 2888 Cristemaneford,
1358 2811 1495 2897 singulis

443 2917 539 2980 annis
562 2915 799 2992 celebrandum,
817 2919 851 2979 et
874 2920 1016 2999 quatuor
1038 2915 1159 2980 solidos
1181 2917 1221 2980 de
1245 2915 1431 2980 molendino
1454 2913 1494 2978 de

444 3017 559 3082 Avene
598 3017 640 3082 ad
675 3016 856 3102 pitanciam
894 3039 987 3081 suam
1026 3018 1191 3103 percipere
1230 3016 1495 3093 consuevissent;

443 3122 592 3185 nolentes
616 3120 704 3204 quod
727 3120 886 3185 beneficia
908 3120 1066 3184 fratribus
1082 3120 1203 3184 nostris
1225 3126 1373 3205 tempore
1392 3117 1495 3184 nostri

444 3223 613 3309 regiminis
645 3224 813 3308 assignata
846 3245 904 3308 per
934 3243 994 3287 nos
1024 3223 1271 3300 subtrahantur,
1295 3223 1352 3286 sed
1386 3221 1495 3306 potius

445 3349 503 3411 per
525 3348 585 3390 nos
607 3330 842 3390 conserventur
857 3331 890 3390 et
912 3331 1177 3410 augmententur,
1194 3347 1253 3390 nos
1276 3325 1319 3389 ad
1342 3324 1495 3410 majorem

446 3429 656 3494 securitatem
694 3427 872 3494 conventui
911 3434 1023 3493 nostro
1062 3449 1160 3513 super
1197 3428 1360 3492 solutione
1398 3427 1494 3491 dictae

446 3553 563 3598 marcae
602 3535 636 3595 et
678 3535 820 3616 quatuor
858 3530 1036 3594 solidorum
1074 3531 1267 3609 faciendam,
1305 3530 1494 3615 praedictam

446 3655 589 3700 marcam
627 3653 695 3697 una
729 3654 802 3698 cum
838 3638 981 3717 quatuor
1011 3633 1124 3698 solidis
1154 3633 1331 3698 antedictis
1357 3633 1396 3697 de
1429 3631 1495 3695 illis

447 3738 575 3802 duobus
598 3735 797 3800 tenementis
820 3757 894 3820 quae
918 3736 1084 3820 quondam
1111 3735 1247 3800 fuerunt
1278 3735 1434 3799 Willelmi
1463 3733 1495 3798 le

447 3838 571 3918 Porter‚
596 3859 735 3922 quorum
770 3858 874 3901 unum
909 3837 1009 3902 situm
1034 3844 1084 3902 est
1115 3859 1158 3902 ex
1181 3839 1331 3925 opposito
1355 3837 1495 3902 ecclesiae

448 3941 562 4006 Sancti
597 3941 693 4005 Pauli
727 3945 761 4004 et
796 3940 895 4004 solvit
926 3957 987 4004 111.
1018 3963 1050 4018 a,
1079 3945 1113 4004 et
1147 3941 1239 4006 aliud
1273 3963 1315 4005 ox
1348 3940 1496 4026 opposito

447 4043 580 4129 capellae
603 4042 761 4108 Omnium
786 4041 981 4107 Sanctorum
1014 4043 1050 4105 in
1080 4042 1161 4108 villa
1196 4044 1236 4106 de
1265 4042 1497 4108 Malmesburia

448 4146 537 4231 quod
571 4145 671 4209 solvit
704 4163 737 4210 x.
762 4168 794 4222 a,
818 4145 904 4209 sicut
937 4150 1036 4211 cartae
1068 4146 1145 4210 inde
1180 4145 1335 4211 confectae
1369 4144 1496 4231 plenius

448 4253 622 4328 testantur,
658 4249 701 4312 ad
739 4247 920 4333 pitanciam
950 4253 1133 4313 conventus
1162 4248 1268 4314 nostri
1307 4270 1366 4333 pro
1403 4247 1496 4313 anni-

448 4352 591 4416 versario
619 4351 770 4437 praedicti
793 4351 943 4437 magistri
967 4350 1119 4416 Nioholai
1143 4351 1338 4416 celebrando
1360 4350 1496 4436 singulis

448 4455 544 4520 annis
574 4454 814 4540 assignavimus
852 4455 1104 4541 percipiendam.
1162 4455 1207 4518 Et
1237 4455 1397 4540 praedicta
1432 4454 1498 4518 duo

449 4561 638 4623 tenementa
659 4579 734 4624 cum
757 4558 909 4623 omnibus
940 4557 1150 4644 pertinentiis
1174 4558 1300 4622 suiset
1330 4557 1498 4633 eschaetis,

449 4683 523 4746 quae
554 4660 680 4726 ratione
718 4661 896 4724 eorundem
926 4660 1038 4746 aliquo
1077 4666 1223 4746 tempore
1252 4661 1364 4746 aliquo
1403 4660 1498 4725 modo

449 4763 576 4850 possint
598 4762 794 4850 contingere,
818 4763 984 4850 predictis
999 4762 1159 4830 fratribus
1181 4763 1302 4830 nostris
1324 4763 1368 4830 ad
1391 4764 1498 4850 pitan-
