3578 5808
423 859 465 924 46
676 874 875 923 arcionum
898 873 1220 922 nnnnasaumauss.

421 1061 492 1136 bus,
517 1060 676 1126 habendis
702 1067 736 1126 et
763 1062 894 1126 utendis
917 1063 964 1126 eis
987 1063 1073 1127 sicut
1095 1067 1187 1126 carta
1213 1059 1386 1127 memorati
1409 1057 1475 1122 Ra-

422 1161 503 1227 dulii
542 1164 655 1228 vicarii
690 1163 730 1228 de
765 1164 1011 1240 Hanekintone,
1041 1185 1140 1250 quam
1182 1165 1271 1228 dioto
1309 1160 1474 1227 Willehno

422 1267 517 1331 fratri
540 1288 600 1331 suo
622 1266 773 1344 confecit,
798 1271 951 1332 testatur.
999 1265 1077 1331 Hiis
1105 1266 1256 1342 testibus,
1280 1269 1340 1332 etc.

833 1517 914 1584 Car.
943 1516 1042 1584 Oxo.

724 1633 828 1749 ocae
851 1684 1000 1768 ejciunt
1024 1683 1175 1770 amun.

469 1837 585 1910 Sciant
608 1845 786 1924 praesentes
819 1841 853 1900 et
884 1838 989 1901 futuri
1021 1837 1108 1923 quod
1139 1858 1200 1922 ego
1233 1833 1399 1900 Radulfus
1433 1827 1473 1896 de'

423 1938 634 2016 Suderinton,
658 1939 762 2003 frater
777 1937 925 2024 Philippi
941 1939 981 2002 de
998 1937 1227 2014 Suderintone‚
1256 1956 1415 2002 consensu
1440 1939 1474 1998 et

422 2063 555 2106 assensu
580 2041 744 2106 Ysabellae
768 2041 880 2105 uxoris
897 2062 979 2104 meae
1003 2041 1210 2105 etheredum
1234 2061 1389 2116 meorum,
1415 2057 1473 2122 pro

423 2165 542 2229 magno
571 2144 705 2229 negocio
728 2165 808 2219 mec,
840 2142 974 2207 vendidi
1007 2143 1186 2208 venerabili
1209 2143 1296 2228 patri
1318 2140 1473 2216 Johannt

422 2247 535 2311 abbati
559 2245 809 2322 Malmesburiae,
832 2251 867 2309 et
893 2245 1071 2310 conventui
1087 2245 1233 2330 ejusdem
1250 2244 1320 2319 loci,
1335 2265 1395 2328 pro
1418 2242 1474 2306 vii.

423 2348 540 2413 marcis
575 2347 831 2432 esterlingorum,
868 2353 976 2410 totum
1008 2347 1175 2411 redditum
1210 2367 1319 2410 meum
1350 2352 1385 2409 et
1418 2345 1431 2428 j

423 2472 532 2515 meum
560 2449 647 2534 quod
670 2449 772 2514 habui
796 2449 832 2512 in
855 2448 964 2525 feudo,
981 2450 1016 2514 in
1040 2450 1185 2514 manerio
1198 2449 1241 2526 ¹de
1265 2447 1473 2524 Credewelle,

423 2551 512 2638 quod
538 2552 629 2614 tenui
665 2551 705 2615 de
737 2551 872 2615 ecclesia
895 2549 935 2615 de
969 2551 1204 2616 Malmesburia
1237 2556 1313 2635 post
1334 2554 1473 2613 mortem

426 2653 564 2718 Androm
580 2653 620 2716 dc
645 2652 816 2728 Stantone,
832 2657 902 2716 tam
926 2653 965 2717 de
984 2653 1060 2739 jure
1085 2652 1283 2717 hereditario
1311 2650 1474 2736 quamde

422 2756 584 2822 escambio
607 2757 749 2820 Andreae
765 2757 805 2820 de
830 2754 1154 2838 Stantonejuniorisr,
1171 2762 1205 2820 et
1228 2755 1315 2840 quod
1338 2752 1473 2819 feudum

404 2859 523 2948 uHugo
553 2859 594 2922 do
626 2857 900 2923 Hundlaviutone
928 2865 962 2923 et
984 2858 1119 2924 heredes
1149 2859 1201 2922 sui
1224 2863 1404 2922 tenuerimt
1434 2856 1474 2920 de

423 2968 532 3025 meet
563 2960 737 3025 heredibus
771 2961 853 3024 meis
885 2982 943 3047 pro
967 2961 1036 3026 viii.
1069 2961 1126 3025 sol.
1150 2959 1408 3044 osterlingorum,
1431 2958 1473 3023 ad

337 3117 343 3130 .
423 3064 505 3127 duos
527 3063 684 3127 terminos
699 3063 795 3140 anni;
820 3063 974 3128 videlicet
989 3063 1030 3127 ad
1047 3061 1346 3126 Annunciationem
1363 3059 1475 3125 Beatae

423 3266 479 3330 sol.
537 3266 591 3330 Ita
614 3265 701 3351 quod
725 3265 833 3329 dictus
860 3266 959 3350 Hugo
983 3271 1017 3329 et
1039 3264 1174 3329 heredes
1196 3265 1246 3328 sui
1271 3263 1410 3328 reddant
1433 3264 1473 3328 de

423 3373 541 3431 caetero
556 3368 645 3431 dicto
667 3367 781 3431 abbati
805 3373 838 3432 et
854 3368 1033 3431 conventui
1057 3367 1096 3431 de
1112 3367 1182 3430 viii.
1205 3365 1261 3431 sol.
1286 3365 1473 3430 memoratis

423 3480 457 3532 ot
490 3468 651 3553 homagiis
682 3474 716 3532 et
746 3469 892 3533 serviciis
932 3468 1086 3534 omnibus
1116 3469 1157 3533 ad
1190 3468 1313 3532 dictam
1351 3473 1471 3532 terram

423 3571 672 3656 peitinentibus.
728 3569 933 3656 Percipient¹
958 3572 1059 3635 etiam
1083 3572 1169 3635 idem
1203 3570 1305 3635 abbas
1337 3575 1371 3634 et
1397 3591 1472 3635 con·

422 3677 542 3737 ventus
580 3672 620 3736 de
650 3671 794 3736 Radulfo
829 3674 952 3738 vicario
983 3674 1023 3739 de
1065 3673 1303 3738 Hanekiutone
1335 3673 1389 3736 vel
1432 3673 1472 3737 de

422 3774 597 3837 heredibus
631 3772 683 3837 vel
707 3775 882 3859 assignatis
914 3797 990 3839 suos
1014 3782 1157 3859 quatuor
1180 3775 1253 3838 den,
1277 3774 1319 3839 ad
1350 3775 1471 3840 festum

424 3876 537 3940 Sancti
555 3875 731 3939 Michaelis.
778 3875 896 3940 Dictus
910 3897 988 3940 vero
1004 3876 1105 3941 abbas
1128 3882 1162 3940 et
1185 3881 1365 3940 conventus
1388 3897 1471 3961 prae-

423 3977 549 4043 dictum
573 3975 739 4040 redditum
774 3982 808 4041 et
831 3978 977 4055 servicia,
1002 3977 1102 4043 libere
1126 3984 1160 4042 et
1190 3978 1299 4062 quiete
1330 3999 1389 4062 pro
1420 4000 1471 4042 me

423 4086 458 4144 et
479 4079 654 4144 heredibus
670 4080 760 4155 meis,
784 4079 1025 4164 imperpetuum
1048 4080 1219 4145 habebunt
1234 4085 1268 4144 et
1291 4080 1471 4166 percipient
1510 4095 1515 4106 ·

423 4189 457 4246 et
479 4181 612 4267 pacifice
635 4180 855 4266 possidebunt.
904 4182 958 4246 Ita
983 4182 1070 4267 quod
1093 4203 1154 4247 nec
1176 4204 1236 4268 ego
1270 4204 1331 4247 nec
1352 4182 1471 4268 aliquis

422 4283 580 4348 heredum
615 4303 762 4346 meorum
802 4282 879 4346 ullis
916 4283 1038 4348 futuris
1073 4283 1275 4368 temporibus
1306 4284 1341 4347 in
1384 4284 1472 4349 dicto

422 4386 556 4450 redditu
579 4391 614 4449 et
636 4385 775 4448 servicio
799 4383 926 4469 aliquid
954 4385 1042 4470 juris
1075 4385 1171 4450 nohis
1193 4385 1367 4450 vendicare
1399 4407 1472 4470 pos·

423 4508 544 4551 sumus.
591 4484 644 4549 Ad
667 4486 824 4568 majorem
841 4485 942 4550 etiam
959 4485 1059 4570 hujus
1075 4487 1122 4550 roi
1137 4487 1356 4562 securitatem,
1375 4488 1472 4552 tactis

422 4587 635 4653 sacrosanctis
658 4587 694 4650 in
717 4585 815 4671 plena
833 4586 924 4652 curia
946 4587 1085 4665 abbatis,
1096 4587 1209 4672 juravi
1232 4589 1321 4673 quod
1343 4589 1471 4653 nullum

420 4723 546 4731 ψ
563 4721 626 4728 -.-0
639 4722 731 4728 .--.--.
755 4723 757 4727 -
866 4722 883 4727 -
896 4721 988 4728 ..η-..-
1014 4723 1019 4728 -
1068 4723 1428 4732 —.-..—--—-——,‚--
1464 4725 1472 4732 ,

820 4783 828 4816 ¹
846 4781 999 4852 crearat,
1011 4783 1066 4843 us.
