3514 5818
456 901 505 970 xii
783 919 893 970 ιιιιιιι
917 917 960 970 οι
983 915 1168 972 connsnos.

455 1175 639 1232 CCCXLVI.
671 1173 850 1246 Compositio
879 1174 958 1229 inter
996 1175 1129 1229 abbatem
1172 1173 1353 1230 Willelmnm
1390 1181 1420 1230 et
1447 1111 1508 1163 pm

526 1258 674 1314 dominnm
702 1256 866 1312 Johannern
897 1256 1021 1311 Maudut
1049 1256 1085 1312 de
1113 1257 1238 1327 quedam
1265 1275 1420 1314 commone

525 1347 651 1413 pasturae
690 1364 1415 1387 -------
1454 1344 1506 1398 219

455 1426 655 1484 CCCXLVII.
676 1426 855 1498 Compositio
873 1425 951 1479 inter
968 1425 1104 1480 abbatem
1116 1427 1279 1481 Walterum
1298 1433 1328 1480 st
1340 1426 1418 1481 Wal-

523 1515 618 1565 tennm
639 1509 826 1580 deAsselege
844 1507 880 1562 de
900 1509 1025 1578 pasturis
1044 1515 1104 1564 etl
1092 1509 1178 1564 terris
1196 1509 1419 1580 colendisnpnd

523 1594 695 1648 Niwentone
811 1615 821 1627 ·
930 1627 939 1637 ·
1287 1615 1297 1627 ·
1406 1625 1416 1637 ·
1453 1594 1506 1648 220

454 1677 670 1734 CCCXLVIII.
694 1678 737 1732 De
762 1684 839 1732 tens
869 1691 1005 1730 concessa
1034 1677 1157 1730 Ernnllo
1180 1675 1294 1731 filioet
1318 1675 1418 1730 heredi

526 1761 653 1816 Simonis
674 1761 709 1816 de
726 1760 809 1816 Seint
822 1759 962 1830 Oweyn'
955 1777 985 1812 ιιι
1013 1759 1127 1814 Boruht
1115 1762 1182 1814 tone
1210 1777 1276 1814 cnm
1299 1765 1419 1830 pastura

523 1844 679 1915 cujuslibet
698 1844 814 1915 generis
834 1844 997 1898 avenionum
1020 1842 1083 1897 sine
1105 1861 1226 1898 numero
1286 1877 1295 1889 ·
1406 1875 1415 1888 ·
1452 1844 1503 1898 221

454 1927 635 1984 CCCXLIX.
668 1927 772 1996 Quieta
812 1927 971 1982 clementia
1010 1925 1129 1980 Ricardi
1174 1927 1228 1980 filii
1269 1925 1416 1998 qnondam

524 2011 641 2066 Thomae
663 2012 689 2065 le
709 2011 797 2066 Clark
817 2011 853 2064 de
872 2009 984 2064 duabus
1002 2009 1125 2080 virgatis
1146 2016 1231 2065 terrss
1287 2045 1296 2056 -
1405 2033 1415 2044 ·
1452 2011 1505 2064 223

454 2093 559 2149 CCCL.
581 2094 625 2148 De
645 2111 703 2149 uno
718 2110 869 2164 mesuagio
887 2099 917 2148 et
936 2092 1053 2147 crofta'
1046 2111 1077 2145 m
1096 2093 1279 2148 Chelewrteh
1405 2125 1415 2138 ·
1452 2093 1505 2147 224

558 2178 644 2232 Prius
690 2212 699 2222 -
809 2200 819 2212 ·
1048 2196 1057 2212 ·
1285 2210 1295 2222 -
1405 2211 1415 2222 ·
1451 2177 1504 2231 224

453 2260 682 2317 CCCLLCa1ta
702 2259 844 2316 Johennis
863 2260 890 2314 le
912 2261 1013 2315 Portos
1032 2266 1063 2315 et
1078 2260 1182 2316 Alioiss
1204 2261 1301 2316 uxoris
1320 2278 1415 2316 suae-
1452 2261 1504 2316 225

452 2345 593 2400 CCCLII.
614 2345 702 2400 Carta
718 2344 796 2399 fecta
813 2343 941 2398 Roberto
961 2342 998 2398 de
1019 2343 1167 2414 Thurleby
1287 2378 1297 2389 -
1407 2367 1417 2378 ·
1451 2342 1504 2398 227

452 2427 610 2484 CCCLIII.
634 2428 721 2482 Carta
737 2427 879 2482 Willelmi
901 2427 1013 2482 abbatis
1026 2427 1061 2482 de
1074 2427 1198 2499 quadam
1218 2428 1415 2500 assignatione

522 2509 764 2566 laotaeonventni
800 2533 810 2544 ·
926 2533 1413 2557 ·····
1450 2511 1503 2566 228

451 2595 627 2650 CCCLIIII.
649 2595 735 2648 Carta
756 2595 832 2649 laeto
851 2592 975 2650 Rioardo
994 2594 1108 2649 Pinnok
1166 2617 1176 2630 ·
1285 2629 1294 2640 -
1404 2617 1414 2630 ·
1451 2596 1503 2651 229

451 2678 585 2733 CCCLV.
609 2677 888 2746 Quietaclamantin
906 2677 1036 2748 ejusdem
1163 2711 1173 2723 -
1257 2673 1292 2712 ’·
1402 2711 1412 2723 -
1449 2679 1501 2734 231

452 2761 604 2816 CCCLlL
636 2761 724 2815 Carta
749 2759 891 2815 Willelmi
918 2761 1031 2816 abbatis
1063 2761 1140 2816 facta
1173 2779 1226 2832 pro
1263 2761 1418 2816 Stonhulle

521 2845 558 2900 ad
576 2844 737 2899 vaccariam
758 2844 906 2914 assignata
1045 2877 1054 2889 -
1283 2867 1292 2879 ·
1402 2867 1412 2878 ·
1449 2843 1500 2899 232

451 2929 621 2986 CCCLVII.
645 2928 713 2982 Cart
701 2932 732 2981 ta
752 2928 829 2982 facta
849 2928 987 2998 Wyberto
1007 2927 1042 2983 de
1062 2927 1233 2984 Cherletone
1282 2962 1292 2972 ·
1402 2951 1412 2962 ·
1448 2930 1502 2982 234

450 3012 638 3070 CCCLVIII.
657 3011 743 3079 Qniet
745 3029 761 3065 a
731 3011 934 3066 telamantia
952 3010 1080 3082 ejusdem
1099 3011 1232 3082 Wyberti
1281 3033 1291 3046 ·
1401 3035 1410 3047 -
1448 3013 1500 3066 235

554 3097 598 3151 De
617 3093 726 3150 eodem.
764 3091 868 3163 Quiete
895 3093 1051 3148 elementia
1068 3093 1191 3149 Amsldi
1219 3093 1256 3148 de
1274 3095 1351 3164 Pyro
1376 3094 1413 3149 de

520 3180 579 3234 solo
592 3179 627 3232 de
646 3176 869 3248 Myddolhnrsts
922 3209 932 3222 ·
1040 3210 1049 3222 -
1159 3198 1169 3211 ·
1398 3212 1408 3223 ·
1445 3179 1497 3234 236

556 3264 599 3317 De
617 3261 727 3316 eodem·
763 3261 867 3329 Quieta
885 3259 1041 3316 clamantia
1059 3261 1166 3331 Rogeii
1185 3261 1221 3316 de
1239 3262 1411 3318 Cherletone
1483 3267 1486 3272 '

519 3347 554 3402 de
573 3345 673 3400 eodem
687 3365 1290 3390 ······
1399 3347 1499 3401 -237

555 3429 598 3484 De
617 3428 725 3483 sodon
749 3427 824 3481 Item
839 3428 944 3497 Rogeri
963 3427 998 3482 de
1017 3429 1046 3482 la
1064 3429 1145 3500 Lupo
1163 3428 1199 3483 de
1217 3429 1319 3484 eodem
1399 3429 1499 3484 ·238

553 3513 598 3567 De
617 3511 715 3566 eodem
750 3513 826 3576 Ilem
846 3511 963 3566 Ricardi
982 3512 1037 3565 filii
1056 3511 1175 3566 Ricardi
1192 3511 1228 3568 de
1246 3513 1276 3568 la
1294 3514 1352 3568 Leo
1373 3511 1409 3569 de

518 3597 618 3652 eodem
686 3617 695 3630 ·
804 3627 814 3640 ·
1401 3599 1498 3654 ·238

447 3681 599 3738 CCCLIX.
620 3679 724 3748 Quiete
745 3678 901 3734 clamantia
922 3679 1041 3735 Ricardi
1061 3681 1088 3735 le
1107 3681 1176 3736 Port
1164 3687 1210 3736 ter
1238 3688 1268 3736 ot
1278 3682 1412 3810 Agnetis

517 3765 615 3819 uxoris
634 3781 694 3818 sues
801 3795 811 3806 ·
920 3784 930 3796 ·
1398 3789 1408 3802 ·
1445 3767 1498 3822 239

447 3848 582 3904 CCCLX.
612 3847 716 3918 Quieta
742 3845 898 3901 clamantia
924 3795 1050 3902 Rioardi
1069 3797 1184 3903 Pinnok
1209 3850 1287 3904 secto
1312 3849 1412 3904 abbati

516 3930 733 3987 Malmesburiae
800 3952 809 3963 ·
918 3953 1406 3979 .....
1443 3933 1496 3990 240

446 4015 598 4072 CCCLXI.
619 4011 797 4070 Concordia'
790 4019 866 4068 inter
878 4012 1028 4068 dominnm
1041 4012 1221 4070 willelmum
1235 4013 1410 4071 abbatemet

516 4097 667 4154 dominum
685 4094 850 4151 Johonnem
868 4094 993 4150 Maudnt
1041 4117 1051 4130 ·
1160 4117 1169 4132 ·
1279 4129 1289 4142 ·
1399 4129 1409 4144 ·
1445 4099 1496 4154 241

446 4181 617 4238 CCCLXII.
643 4180 730 4235 Carta
756 4178 876 4235 Roberti
907 4178 1020 4234 Sturmi
1050 4181 1128 4234 lecto
1157 4180 1253 4236 abbati
1284 4186 1313 4236 et
1341 4199 1408 4236 oon·

515 4263 616 4321 ventui
682 4285 1407 4309 ·······
1444 4265 1496 4320 242

445 4353 632 4410 CCCLXIII.
666 4350 754 4406 Carta
783 4349 894 4406 abbatis
924 4358 955 4407 et
984 4357 1141 4408 conventus
1173 4353 1250 4408 facta
1281 4354 1408 4409 Roberto

516 4435 627 4492 Sturmi
682 4455 1407 4480 ·······
1443 4439 1497 4494 244

445 4520 649 4578 CCCLXIIII.
671 4519 715 4575 De
740 4517 937 4589 assignatione
957 4518 1100 4576 Willelmi
1118 4519 1231 4575 abbatis
1249 4522 1327 4577 facts
1345 4539 1407 4576 cns·

514 4603 576 4661 todi
595 4603 693 4660 altaris
712 4603 810 4658 Boatae
829 4601 931 4657 Marias
1039 4626 1048 4638 ·
1158 4626 1168 4638 ·
1277 4637 1287 4651 -
1396 4625 1406 4639 ·
1443 4605 1496 4662 245

444 4687 608 4746 CCCLXV.
628 4685 787 4743 Conventio
805 4683 841 4740 de
867 4684 1035 4740 venditione
1053 4685 1192 4762 eustodiae
1216 4686 1253 4742 de
1270 4687 1407 4744 Westone
1442 4687 1496 4742 246

444 4771 624 4831 CCCLXVI.
643 4770 747 4840 Quieta
772 4768 928 4824 clamantis
955 4767 1088 4840 Engonis
1115 4769 1151 4825 de
1177 4769 1312 4842 Kylpeok
1330 4773 1409 4828 lanto

513 4855 639 4913 Ricardo
655 4855 683 4911 le
702 4853 793 4910 Breth
918 4875 1405 4902 ·····
1442 4851 1495 4911 247
