3526 5810
448 861 514 926 248
702 876 898 928 armamur
921 877 1242 929 mumaumansn

447 1060 578 1139 relevio,
610 1067 645 1127 et
681 1061 722 1128 de
756 1063 870 1128 warda
900 1063 1058 1129 heredum
1092 1085 1236 1140 suorum,
1269 1065 1298 1128 si
1337 1063 1493 1140 evenerit,

448 1165 528 1229 dum
566 1164 691 1230 fuerint
724 1165 811 1231 infra
844 1169 987 1244 aetatem,
1010 1172 1046 1232 et
1080 1167 1120 1232 de
1152 1166 1345 1232 rationabili
1367 1165 1495 1231 auxilio

448 1266 491 1332 ad
535 1266 722 1334 faciendum
759 1268 866 1334 filium
904 1290 1014 1334 meum
1058 1270 1317 1356 primogenitum
1344 1269 1493 1345 militem,

448 1374 483 1436 et
527 1369 568 1436 de
614 1370 803 1437 rationabili
859 1371 985 1437 auxilio
1029 1372 1073 1438 ad
1118 1372 1338 1438 maritandam
1390 1370 1493 1435 filiam

448 1493 555 1538 meam
600 1473 862 1559 primogenitam,
899 1495 958 1560 per
995 1479 1197 1562 praeceptum
1233 1474 1361 1539 domini
1397 1474 1493 1559 regis,

448 1576 627 1641 seeundum
650 1576 738 1663 quod
760 1575 817 1641 lex
840 1581 937 1643 teme
958 1578 1197 1644 condonaverit
1218 1578 1260 1643 de
1282 1582 1378 1642 tanto
1401 1581 1492 1642 tene-

448 1683 567 1743 mento.
614 1677 677 1744 Pro
708 1677 770 1743 hae
791 1684 904 1744 autem
935 1677 1139 1744 relaxatione
1171 1685 1206 1744 et
1227 1680 1343 1766 quieta
1374 1677 1494 1744 elama-

447 1780 546 1856 tione,
569 1785 604 1845 et
634 1780 786 1845 omnibus
820 1780 967 1846 serviciis
1001 1787 1035 1847 et
1061 1781 1241 1858 demendis,
1275 1779 1377 1846 salvis
1410 1801 1494 1866 prm-

446 1883 625 1948 nominatis
647 1882 804 1960 serviciis,
827 1883 920 1948 dedit
941 1883 1025 1948 mihi
1057 1883 1235 1969 praedictus
1269 1883 1430 1949 Rioardus
1462 1881 1494 1947 le

446 1984 549 2049 Breth
572 1985 696 2072 viginti
717 2005 842 2050 mareas
872 1985 1010 2072 argenti.
1057 1985 1101 2050 Et
1123 2007 1183 2072 ego
1215 1985 1369 2050 dominus
1393 1984 1494 2072 Hugo

447 2086 487 2152 de
525 2086 663 2172 Kylpeo,
701 2091 735 2151 et
771 2086 907 2152 heredes
943 2086 1016 2164 mei,
1055 2087 1142 2154 hane
1178 2087 1418 2153 relaxationem
1453 2093 1488 2152 et

447 2188 593 2274 quietam
632 2189 860 2254 clamationem
893 2189 1052 2274 praedicto
1084 2190 1226 2256 Rieardo
1260 2190 1291 2255 le
1322 2189 1427 2255 Breth
1459 2195 1495 2254 et

446 2292 622 2358 heredibus
653 2292 721 2356 suis
744 2297 858 2357 eontra
889 2312 1001 2358 omnes
1026 2293 1175 2358 homines
1208 2299 1258 2358 et·
1274 2293 1411 2358 feminas
1433 2294 1496 2356 im-

447 2398 643 2480 perpetuum
665 2394 962 2460 warantizabimus.
994 2395 1053 2474 ,Ee
1075 2401 1115 2460 ut
1137 2395 1208 2462 haee
1230 2417 1304 2460 mea
1333 2395 1496 2460 relaxatio

447 2503 481 2562 et
504 2499 617 2583 quieta
647 2497 799 2564 clamatio
833 2501 907 2562 rata
928 2503 963 2563 et
996 2498 1125 2564 stabilis
1157 2500 1399 2585 imperpetuum
1423 2519 1496 2583 per-

448 2606 589 2676 maneat,
627 2599 705 2665 huie
736 2600 858 2685 scripto
896 2599 1043 2686 sigillum
1080 2622 1191 2666 meum
1225 2599 1371 2686 apposui
1418 2598 1495 2664 Hiis

448 2702 597 2780 testibus,
621 2707 682 2768 eto.
734 2739 740 2752 ·

805 2941 883 3008 Chr.
906 2937 1130 3008 OOOLXVII.

352 3161 362 3178 ,
464 3090 596 3174 [Quieta
624 3088 815 3157 dmauotiu
844 3087 981 3154 domini
1010 3087 1124 3154 Aleae·
1153 3086 1193 3188 Q
1223 3085 1402 3154 Plokerwth
1429 3087 1468 3155 do

469 3193 656 3278 meapte
677 3191 838 3258 herodion
860 3189 1033 3259 Jodumros
1056 3189 1085 3255 le
1107 3189 1207 3255 Breth
1230 3189 1269 3256 da
1298 3191 1448 3257 Weatorw.

281 3340 423 3390 R²¹ffi⁸ss⁰
493 3340 608 3406 Sciant
629 3347 807 3427 praesentes
830 3346 865 3406 et
879 3339 987 3404 futuri
1002 3338 1091 3424 quod
1114 3359 1174 3424 ego
1197 3337 1351 3402 dominus
1366 3337 1492 3404 Alanus

279 3406 397 3522 tpefflbbe
397 3423 415 3472 5
447 3445 488 3510 de
520 3445 683 3511 Plokenet
710 3445 848 3522 reddidi,
871 3443 983 3508 remisi
1016 3447 1051 3507 et
1073 3443 1224 3528 quietum
1255 3441 1403 3519 clamavi,
1434 3463 1492 3529 pro

279 3553 429 3656 mir
448 3570 499 3613 me
522 3554 557 3614 et
579 3569 638 3636 pro
661 3548 836 3615 heredibus
858 3548 940 3612 meis
970 3547 1222 3632 imperpetuum,
1244 3543 1316 3610 Deo
1338 3550 1373 3610 et
1394 3546 1491 3611 eoele-

280 3670 353 3722 00fJ
354 3673 423 3724 huie
448 3650 505 3716 siae
539 3651 635 3716 Beati
658 3651 802 3716 Aldelmi
835 3650 876 3716 de
909 3647 1151 3725 Malmeshuria‚
1174 3653 1209 3712 et
1242 3646 1376 3712 domino
1409 3647 1490 3712 Wil-

280 3738 330 3788 Br
331 3739 369 3788 lh
447 3751 546 3817 lelmo
582 3753 696 3819 abbati
734 3758 769 3818 et
806 3751 951 3838 ejusdem
992 3749 1055 3816 looi
1093 3748 1280 3825 eonventui,
1310 3754 1344 3814 et
1381 3769 1491 3815 eorum

447 3853 684 3920 suecessoribus
718 3854 969 3940 imperpetuum,
1003 3851 1215 3936 maritagium
1247 3848 1405 3916 heredum
1435 3851 1492 3917 Jo

447 3955 566 4025 hannis
598 3956 660 4021 filii
691 3955 825 4022 Ricardi
846 3955 878 4020 le
910 3954 1013 4020 Breth
1044 3953 1085 4018 de
1119 3951 1284 4030 Westone
1317 3958 1351 4017 et
1383 3958 1490 4020 totum

443 4059 556 4144 juset
586 4060 740 4126 elamium
772 4059 860 4145 quod
893 4057 996 4123 habui
1018 4055 1072 4121 vel
1102 4054 1213 4141 aliquo
1247 4055 1344 4122 modo
1374 4056 1493 4124 habere

279 4163 297 4213 f.
310 4169 368 4217 ato.
446 4161 542 4246 potui
563 4161 600 4226 in
631 4161 806 4247 maritagio
836 4159 995 4226 heredum
1029 4157 1179 4244 preadieti
1208 4157 1380 4235 dohannis,
1403 4181 1492 4226 oeea·

447 4265 537 4328 sione
560 4263 717 4330 custodire
740 4269 835 4328 terrm
869 4262 910 4327 de
932 4261 1097 4339 Westone,
1124 4281 1223 4345 quam
1245 4261 1356 4325 tenuit
1377 4261 1418 4326 de
1441 4285 1493 4329 me

447 4367 488 4432 de
510 4366 633 4432 honore
655 4368 696 4432 de
720 4366 865 4452 Kylpek,
880 4367 951 4430 sine
973 4364 1042 4429 ullo
1064 4364 1291 4428 retinemento.
1336 4362 1391 4428 Ita
1405 4367 1493 4450 quod

446 4489 508 4534 nee
529 4489 590 4555 ego
612 4467 749 4545 Alanus,
770 4490 831 4534 neo
852 4467 972 4552 aliquis
995 4467 1153 4531 heredum
1176 4465 1231 4530 vel
1252 4467 1493 4553 assignatorum

447 4593 602 4650 meorum,
617 4571 751 4658 aliquod
769 4571 826 4656 jus
840 4571 896 4635 rel
916 4569 1072 4635 olamium
1086 4567 1140 4634 vel
1154 4568 1288 4655 aliquod
1310 4568 1494 4636 dominium

446 4674 483 4738 in
505 4675 679 4760 maritagio
708 4673 939 4759 praediotorum
969 4671 1126 4738 heredum
1158 4671 1308 4757 praedicti
1330 4671 1494 4738 Johannis

446 4777 574 4856 habere,
596 4775 769 4842 vendicare
791 4774 845 4840 vel
879 4773 1009 4861 exigere
1043 4773 1223 4860 possimus3
1256 4775 1314 4840 sed
1343 4775 1493 4862 praedieti
