3514 5818
604 1618 742 1694 TABLL'
764 1619 816 1694 OF
839 1619 1069 1698 CONTENTI

312 2055 478 2112 CXXXIX.
498 2055 542 2111 De
559 2061 725 2112 tenemento
742 2063 824 2112 extra
842 2063 961 2130 pontem
975 2057 1119 2114 Leonurdi
1147 2091 1157 2103 ·
1265 2089 1277 2102 -

312 2140 398 2195 CXL.
419 2139 463 2194 De
482 2140 658 2196 exhibitione
676 2139 812 2212 Hugcnis
830 2141 866 2197 de
885 2143 1007 2200 Kemele
1026 2174 1038 2186 ·
1113 2161 1115 2164 ’
1146 2175 1155 2186 -
1263 2174 1275 2186 ·

312 2223 416 2278 CXLI.
437 2223 480 2278 De
498 2227 576 2279 terra
593 2223 629 2278 de
648 2221 807 2280 Suendone
911 2257 920 2269 -
1028 2257 1039 2269 -
1146 2257 1157 2268 -
1266 2259 1275 2270 -

313 2305 434 2362 CXLII.
455 2305 542 2362 Carta
559 2305 594 2361 de
612 2303 766 2362 Niwebold
791 2339 1275 2353 -----

313 2389 451 2446 CXLIII.
472 2388 515 2443 De
533 2388 646 2444 decima
663 2387 699 2444 de
717 2387 871 2445 Niwebold
889 2389 979 2445 tradit
967 2394 998 2446 ta
1015 2383 1107 2462 priori
1126 2391 1162 2447 de
1174 2393 1276 2448 Kenil-

382 2473 459 2528 wrth
478 2471 515 2527 ad
533 2472 693 2526 firmam·
802 2504 813 2515 ·

313 2555 469 2612 CXLIIII
490 2555 701 2612 Testimonium
720 2554 755 2610 de
773 2561 852 2611 terre
869 2555 906 2611 de
924 2556 1076 2614 Niwebold
1094 2575 1275 2615 concessa
1351 2563 1363 2590 r

313 2639 429 2696 CXLV.
448 2640 491 2696 De
515 2639 627 2696 duabus
652 2639 786 2696 domibus
814 2641 960 2712 quondam
979 2641 1111 2697 Isebellae
1130 2643 1277 2699 Rumbeld

383 2725 414 2778 in
433 2723 532 2779 Estret
553 2753 1275 2771 -------

313 2805 445 2863 CXLVI.
465 2805 550 2863 Bulls
568 2808 710 2862 Innocent
711 2805 733 2860 ii
698 2807 832 2878 tPupae
842 2807 990 2879 judicibus
1003 2806 1150 2880 inser[tis]
1166 2808 1277 2864 directa
1331 2845 1335 2857 ·

382 2909 434 2964 pro
452 2891 625 2947 alienatione
644 2888 793 2961 cujusdem
811 2895 898 2946 terres
916 2909 1004 2962 quem
1028 2893 1099 2948 Tho.
1119 2892 1156 2947 de
1175 2891 1276 2948 Chele·

382 2976 474 3030 wrthe
492 2975 562 3030 fecit
579 2972 704 3046 ab[bati]
724 2973 940 3030 Malmesburioe
1028 3007 1038 3020 ·

313 3059 461 3116 CXLVII.
481 3057 569 3116 Certa
595 3057 708 3114 abbatis
734 3057 858 3113 Walteri
885 3057 963 3114 fecte
981 3059 1100 3114 Thomae
1125 3005 1186 3114 fiIio
1203 3060 1276 3116 Wil-

378 3143 459 3198 chmi
478 3141 515 3198 de
533 3141 656 3214 quadam
674 3141 778 3196 terre
769 3159 800 3196 m
818 3141 949 3206 manerio
967 3142 1003 3197 de
1021 3143 1217 3200 Creddewelle
1266 3179 1275 3190 -
1349 3149 1365 3202 9

314 3225 480 3284 CXLVHI.
500 3225 690 3283 Confirmatio
707 3225 885 3280 decimarum
904 3225 940 3280 de
958 3225 1044 3282 Nove
1060 3227 1141 3283 Villa
1265 3253 1275 3264 ·
1331 3231 1363 3285 11

313 3309 445 3366 CXLIX.
473 3309 663 3366 Confirmatio
690 3309 819 3381 episcopi
846 3309 1057 3366 Londoniensis
1087 3309 1123 3366 de
1155 3311 1277 3368 ecclesia

384 3393 484 3450 Sancti
501 3393 639 3449 Nieholai
656 3393 766 3448 Haknn
789 3426 799 3438 ·
908 3425 918 3440 .
1027 3427 1037 3439 .
1145 3427 1156 3440 .
1250 3397 1274 3442 ’.
1330 3397 1364 3452 12

313 3477 369 3534 CL.
389 3477 466 3534 Item
483 3477 666 3534 confirmatio
685 3476 720 3532 de
739 3475 841 3532 eadem
908 3499 918 3512 ·
1027 3509 1036 3522 -
1146 3510 1156 3523 ·
1265 3513 1274 3524 .
1331 3482 1364 3537 13

313 3561 387 3618 CLI.
409 3562 498 3618 Certa
514 3559 657 3618 Willelmi
675 3560 729 3614 filii
755 3559 897 3614 Iohannis
916 3559 1028 3633 Moleys
1055 3561 1133 3617 facte
1150 3561 1276 3618 liedulfo

383 3645 489 3702 clerico
507 3659 559 3700 suo
577 3642 613 3698 de
630 3642 756 3713 quadem
773 3642 859 3698 domo
878 3643 909 3698 in
927 3643 1092 3715 Wcsteport
1146 3677 1156 3690 ·
1265 3679 1274 3691 ·
1330 3649 1364 3703 13

313 3727 404 3784 CLII.
425 3727 603 3799 Compositio
620 3725 697 3782 inter
715 3725 870 3783 Osbertnm
888 3725 924 3780 de
944 3725 1066 3782 Colerne
1084 3745 1170 3799 super
1186 3729 1274 3785 eccle·

383 3813 427 3870 sie
444 3813 480 3868 de
500 3811 632 3878 Colernc,
652 3815 682 3866 et
700 3812 857 3866 monachos
876 3809 1091 3866 Malmesburiae
1146 3846 1156 3858 ·
1264 3848 1275 3860 ·

312 3897 421 3955 CLHI.
442 3897 631 3953 Confirmatio
666 3895 796 3978 episcopi
825 3895 1038 3968 Wigcrniensis
1069 3915 1155 3968 snper
1179 3915 1276 3954 annus

382 3980 520 4052 pensione
538 3977 668 4034 ecclesiae
686 3976 722 4034 de
742 3977 907 4050 Sebuptone
1027 4012 1038 4023 -
1146 4013 1156 4026 ·

251 4077 256 4083 ·
312 4063 414 4119 CLIV.
434 4061 621 4118 Confirmatio
640 4060 676 4116 de
694 4059 793 4116 eedem
908 4093 918 4104 -
1027 4093 1037 4106 .
1146 4095 1156 4108 .
1265 4100 1274 4110 .

313 4145 397 4201 CLV.
418 4144 504 4200 Bulla
522 4141 646 4199 Honorii
664 4144 750 4214 Pspae
775 4141 923 4214 judicibus
949 4141 979 4198 in
1005 4143 1106 4200 eedem
1131 4148 1275 4204 contentis

382 4232 483 4283 contre
500 4233 643 4282 rectorem
662 4225 790 4282 ecclesie
808 4226 844 4280 de
864 4225 1025 4282 Swendone
1145 4262 1155 4273 -
1264 4265 1274 4277 .
1329 4235 1363 4288 16

313 4309 415 4366 CLVI.
437 4309 480 4364 De
498 4308 618 4364 decimis
636 4306 667 4362 in
685 4308 823 4379 parochie
841 4309 877 4363 de
895 4309 1040 4364 Brohtone
1145 4333 1155 4347 -
1265 4347 1275 4359 .
1329 4317 1364 4371 18

313 4393 433 4449 CLVII.
453 4393 496 4448 De
515 4391 599 4446 firmo
616 4389 727 4446 tradite
744 4391 835 4462 priori
852 4391 889 4446 de
908 4391 1075 4448 Kenilwrth
1093 4411 1180 4465 super
1198 4395 1273 4451 deci·

382 4477 439 4530 mis
457 4475 493 4530 de
510 4474 663 4530 Niwebold
678 4505 1275 4525 ······
1330 4484 1364 4539 18

312 4559 450 4618 CLVIII.
471 4557 557 4614 Carta
575 4557 695 4614 Thomae
712 4556 748 4614 de
767 4559 906 4615 Poritone
924 4575 1011 4631 super
1035 4559 1157 4617 decimis
1182 4562 1273 4619 domi-

381 4643 441 4698 nici
459 4641 505 4697 sni
523 4640 560 4697 de
576 4641 716 4698 Puritone

313 4728 415 4785 CLIX.
436 4728 512 4782 Item
531 4726 567 4783 de
586 4726 730 4783 escambio
749 4731 835 4783 terrae
908 4756 919 4770 ·
972 4737 978 4744 ·
1026 4759 1037 4773 -

313 4811 399 4867 CLX.
420 4809 582 4867 Consentio
612 4809 689 4866 inter
718 4810 854 4868 abbatem
884 4809 1101 4869 Melmssbnriae
1129 4763 1159 4870 eb
1183 4814 1275 4889 ipsam

382 4893 524 4952 Thomsm
552 4919 1274 4944 ·······
1329 4901 1362 4955 21
