3566 5820
541 954 739 1004 assrsrauu
764 953 1086 1002 ussunsraunrnusn.
1274 941 1336 1002 211

633 1163 711 1231 ΟΑΡ.
737 1164 980 1231 OOCXXXIX.

305 1305 407 1372 Curta
438 1302 611 1370 Johmm's
641 1304 746 1369 Burei
770 1303 865 1390 suctu
896 1303 1060 1390 nuspistrn
1091 1303 1254 1370 Nichcluo
1283 1307 1323 1371 de

441 1406 695 1483 Mudnteaburim
722 1407 762 1471 de
792 1414 883 1472 tamn
914 1407 953 1473 de
980 1407 1188 1473 Fouleswa'ha.

332 1550 446 1615 Sciant
468 1554 645 1635 praesentes
667 1554 702 1613 et
724 1549 828 1614 futuri
852 1549 940 1634 quod
963 1570 1023 1634 ego
1042 1547 1211 1614 Johannes
1237 1546 1467 1614 Burelfflwther

286 1653 370 1729 dedi,
395 1652 544 1729 concessi,
568 1656 603 1716 et
632 1652 694 1716 hac
728 1653 881 1736 praesenti
915 1657 1005 1716 carta
1040 1673 1112 1716 mea
1147 1653 1337 1716 confirmavi
1349 1615 1472 1730 ffltussf,

285 1755 443 1840 magistro
475 1754 636 1820 Nicholao
660 1755 700 1818 de
735 1753 973 1830 Malmesburia,
1009 1776 1068 1839 pro
1100 1755 1238 1820 servicio
1269 1777 1337 1832 suc,
1350 1747 1418 1795 ¹⁸⁰⁶·
1503 1744 1507 1752 ’

285 1863 390 1922 totam
414 1862 534 1922 terram
557 1879 664 1922 meam
687 1879 786 1942 quam
817 1857 919 1920 habui
951 1858 986 1920 in
1010 1857 1238 1942 Fouleswyke,
1262 1880 1336 1922 cum

285 1960 437 2026 omnibus
469 1960 678 2046 pertinentiis
709 1961 777 2023 suis
801 1960 837 2024 in
870 1959 1040 2046 homagiis,
1062 1960 1203 2036 releviis
1227 1960 1338 2026 escha-

285 2064 354 2140 etis,
388 2065 517 2140 arandis,
555 2063 747 2139 redditibus
771 2069 805 2128 et
838 2063 990 2128 omnibus
1022 2063 1096 2128 aliis
1127 2065 1337 2149 pertinentiis

285 2169 352 2231 suis
384 2169 427 2233 ad
461 2191 513 2234 ms
537 2168 590 2232 vel
613 2168 655 2232 ad
689 2167 846 2232 heredes¹
868 2189 957 2232 meos
991 2168 1233 2252 pertinentibus
1250 2196 1269 2242 ι,
1287 2174 1336 2234 te-

285 2271 426 2336 nendam
450 2277 484 2335 et
506 2271 690 2336 habendam
721 2271 761 2335 de
793 2293 845 2336 rue
880 2277 914 2335 et
945 2271 1120 2336 heredibus
1154 2273 1244 2348 meis,
1266 2272 1336 2359 ipse

285 2380 319 2438 et
340 2373 475 2438 heredes
498 2373 553 2438 vel
582 2373 741 2458 assignati
776 2373 837 2450 sui,
861 2373 971 2448 libere,
994 2373 1115 2458 quiete,
1138 2374 1219 2440 bene
1243 2379 1277 2439 et
1300 2374 1335 2437 in

284 2497 361 2562 paee
393 2477 660 2563 imperpetuum;
698 2475 862 2540 reddendo
894 2475 971 2539 inde
993 2477 1166 2540 annuatim
1189 2476 1271 2540 mihi
1302 2485 1336 2542 et

284 2578 459 2644 heredibus
481 2578 563 2644 meis
586 2599 689 2643 unum
713 2577 846 2642 obolum
869 2579 905 2641 iu
927 2579 1011 2642 festo
1027 2577 1142 2642 Sancti
1165 2578 1335 2644 Michaelis

284 2703 342 2767 pro
376 2682 466 2746 omni
498 2681 636 2746 servicio
667 2687 702 2745 et
739 2679 877 2746 seculari
915 2681 1095 2758 exactione,
1133 2688 1167 2746 et
1201 2681 1334 2747 domino

284 2783 371 2850 feodi
393 2785 504 2850 omnia
533 2784 601 2850 alia
630 2784 769 2850 servicia
801 2805 861 2870 pro
895 2805 948 2848 me
982 2791 1016 2848 et
1047 2783 1221 2850 heredibus
1244 2787 1334 2850 meis

285 2887 354 2974 Ego
369 2908 446 2952 vero
470 2894 505 2952 et
526 2886 662 2952 heredes
685 2887 749 2951 mei
773 2891 878 2951 totam
900 2887 1093 2972 praedictam
1115 2892 1236 2952 terram
1259 2908 1335 2952 cum

284 2990 435 3054 omnibus
464 2989 675 3076 pertinentiis
703 2990 781 3067 suis,
803 2989 961 3075 praedicto
991 2991 1149 3075 magistro
1173 2989 1334 3056 Nicholao

284 3098 317 3158 et
339 3091 514 3158 heredibus
536 3092 589 3158 vel
612 3092 788 3179 assignatis
811 3093 888 3170 suis,
911 3097 1025 3158 eontra
1047 3113 1158 3157 omnes
1181 3092 1335 3158 mortales

283 3217 341 3281 per
371 3195 564 3281 praedictum
596 3194 771 3260 servicium
803 3193 1099 3271 warantizabimus
1123 3194 1335 3261 defendemus

284 3305 319 3364 et
339 3299 601 3384 acquietabimus
623 3299 874 3384 imperpetuum.
921 3297 984 3362 Pro
1015 3297 1078 3364 hac
1099 3301 1211 3364 autem
1235 3298 1335 3364 dona-

284 3402 382 3480 tione,
406 3403 620 3477 coneessione‚
644 3407 679 3466 et
713 3401 886 3486 praesentis
919 3406 1019 3466 cartae
1052 3421 1133 3468 nreae
1165 3401 1336 3468 confirma-

284 3506 383 3584 tione,
399 3503 493 3569 dedit
514 3502 598 3568 mihi
621 3502 798 3588 praedictus
814 3501 994 3568 Nicholaus
1016 3503 1189 3590 sexaginta
1212 3525 1337 3570 marcas

283 3607 523 3702 sterlingorum¹
536 3625 604 3691 prae
636 3605 796 3669 manibus.
859 3604 903 3671 Et
933 3611 972 3669 ut
994 3605 1065 3671 haec
1097 3627 1169 3670 mea
1194 3607 1335 3691 donatis,

284 3711 444 3778 concessio
467 3715 501 3774 et
523 3713 622 3773 cartae
645 3729 726 3772 meae
750 3706 955 3772 confirmatio
978 3713 1145 3794 perpetuae
1168 3709 1337 3776 firmitatis

284 3813 384 3879 robur
406 3812 564 3899 optineat,
586 3809 673 3876 hanc
694 3831 800 3875 meam
832 3815 957 3875 cartam
988 3810 1089 3897 sigilli
1112 3811 1177 3876 rnei
1199 3812 1335 3900 impres·

285 3918 374 3982 sione
396 3914 569 3994 munitam,
601 3913 707 3978 eidem
739 3912 896 3998 magistro
921 3911 1081 3978 Nicholao
1112 3914 1183 3978 fieri
1213 3914 1276 3980 feci
1299 3917 1335 3981 in

285 4020 521 4085 testimonium.
568 4015 644 4080 Hiis
668 4013 817 4092 testibus,
841 4021 901 4080 etc.

695 4231 774 4297 Cur.
800 4230 955 4298 OOOXL.

331 4377 433 4444 Curta
455 4373 591 4442 Roberii
614 4372 654 4438 dc
680 4371 852 4458 Huywode
877 4372 916 4438 de
938 4394 993 4438 aas
1016 4371 1106 4438 ocris
1134 4379 1230 4438 esee
1250 4373 1292 4439 e'u

639 4513 641 4520 ι
715 4474 889 4540 Attumne.

329 4621 443 4687 Sciant
473 4627 651 4707 praescntes
685 4625 719 4685 et
752 4616 858 4682 futuri
890 4613 978 4700 quod
1010 4637 1069 4702 ego
1101 4614 1265 4680 Robertus
1295 4616 1336 4680 de
1349 4625 1366 4673 f.
1381 4629 1427 4674 aar
1440 4623 1463 4673 u.

284 4723 458 4810 Haywode
481 4722 558 4789 dedi
581 4725 618 4788 in
640 4720 857 4794 excambium,
880 4723 915 4782 et
937 4718 1079 4785 concessi
1114 4724 1148 4782 et
1170 4716 1232 4783 hac
1253 4739 1336 4803 prae-
1349 4703 1487 4822 ffffffisse

769 4846 873 4854 --—..--.

648 4911 655 4944 ¹
673 4909 825 4973 hauan
837 4907 893 4956 us.
1183 4978 1201 5024 9

1136 4993 1157 5040 o
1184 5019 1202 5040 ..
