3578 5808
413 878 456 942 44
666 893 865 944 susubium
888 889 1212 944 minimissimus

412 1077 625 1166 potuerimus,
647 1083 690 1149 sd
714 1082 858 1148 valorem
882 1081 970 1148 inubi
991 1082 1079 1168 prati
1102 1081 1209 1148 eidem
1231 1080 1397 1148 Willelmo
1412 1081 1464 1147 vel

412 1185 586 1252 heredibus
621 1187 697 1264 suis,
732 1187 786 1252 vel
820 1187 997 1274 assignetis
1031 1186 1109 1264 suis,
1141 1207 1201 1274 ego
1239 1186 1294 1252 vel
1330 1185 1466 1252 heredes

412 1289 477 1353 mei
500 1289 540 1355 de
564 1295 652 1358 beris.
674 1295 788 1362 nostro
819 1289 860 1354 de
883 1288 1156 1375 Thederingdone
1187 1287 1394 1356 excambium
1417 1287 1464 1353 fe·

411 1390 543 1456 olemus.
587 1392 652 1458 Pro
674 1391 737 1458 heo
767 1396 879 1458 sutem
909 1393 1086 1458 donatione
1109 1397 1145 1457 eb
1166 1389 1371 1458 ooneessione
1394 1411 1467 1456 mee

411 1495 505 1559 dedit
527 1495 609 1559 mihi
641 1495 819 1582 puediobus
853 1493 1047 1573 willelmus,
1069 1493 1172 1560 freber
1204 1515 1306 1572 meus,
1340 1493 1384 1558 xl
1408 1492 1465 1560 sol

412 1597 662 1684 esberlingorum
692 1597 729 1661 in
759 1618 989 1684 goisummem.
1046 1596 1091 1661 Ee
1114 1600 1155 1663 ub
1178 1595 1250 1664 haee
1272 1595 1408 1662 donatio
1429 1599 1464 1661 et

411 1700 573 1776 consessio
596 1721 670 1766 mea
692 1699 789 1765 firma
810 1699 856 1764 sib
879 1705 913 1764 eb
943 1699 1187 1785 imperpetuum
1219 1696 1358 1776 sbahilin,
1379 1697 1465 1764 hene

410 1802 487 1867 inde
511 1807 635 1870 seriem
657 1801 729 1881 feei,
753 1806 787 1867 eb
809 1801 910 1888 sigilli
932 1802 999 1866 mei
1030 1801 1242 1887 impressione
1276 1800 1339 1867 feei
1371 1801 1465 1866 robo-

410 1904 483 1970 rari.
530 1904 606 1969 Hiis
629 1903 779 1982 testibus,
801 1902 965 1990 Philippo,
987 1900 1126 1990 persona
1148 1903 1188 1970 de
1213 1902 1332 1988 Minty,
1356 1907 1417 1969 ete.

699 2113 703 2122 ·
764 2167 844 2234 OAP.
869 2167 1104 2234 CLXXXVII.

425 2331 530 2400 Ousia
551 2329 724 2398 Jobuouis
746 2327 850 2396 Sootti
866 2327 962 2416 sueto
991 2327 1153 2396 willemo
1169 2327 1282 2418 fratri
1304 2327 1448 2416 liudulfi

690 2453 842 2524 personoe
865 2429 905 2498 de
927 2428 1180 2518 Hoaoebyntone.

319 2625 333 2660 e
456 2585 584 2651 Notum
606 2584 651 2650 sib
674 2585 826 2650 omnibus
859 2604 1002 2672 praesens
1033 2584 1192 2670 seriptum
1214 2584 1344 2664 vismis,
1376 2586 1465 2672 quod

412 2709 472 2774 ego
494 2687 517 2752 J
518 2687 663 2753 ohannes
681 2685 814 2752 Scottus
831 2686 871 2751 de
888 2685 1127 2770 Gred[ewelle],
1142 2706 1302 2752 eonsensu
1325 2686 1464 2754 Welleri

411 2789 472 2853 filii
495 2789 560 2853 mei
584 2795 618 2855 eb
640 2787 777 2866 heredis,
800 2787 943 2854 oonoessi
967 2793 1002 2853 et
1023 2787 1086 2854 heo
1107 2788 1263 2874 praesenii
1286 2793 1378 2854 euris
1391 2811 1465 2855 mea

412 2892 605 2957 confirmavi
627 2891 795 2956 Willelmo
817 2891 912 2956 fratri
948 2889 1082 2956 Rudulfi
1104 2911 1253 2978 personae
1286 2891 1326 2957 de
1349 2891 1464 2959 Hane-

412 2995 579 3072 kinetons
613 3000 648 3060 eb
680 2992 857 3059 heredibus
888 2992 966 3070 suis,
998 2993 1210 3059 donationem
1241 2994 1346 3059 bobius
1368 3000 1464 3060 terres

411 3119 510 3182 quem
548 3097 726 3182 praedioius
758 3094 923 3160 liedulfus
960 3115 1101 3180 persone
1132 3095 1174 3160 de
1209 3095 1465 3162 Hunekinebone

410 3201 504 3265 dedii
541 3201 697 3286 prsediebo
739 3197 905 3263 Willehno
938 3197 1037 3264 insui
1071 3219 1139 3276 suo,
1171 3219 1230 3284 pro
1262 3199 1399 3265 servicio
1431 3205 1466 3264 eb

410 3302 563 3390 homagio
590 3324 659 3381 suo,
681 3307 751 3368 tem
786 3301 822 3364 in
856 3301 953 3366 terris
983 3301 1138 3379 colendis,
1169 3322 1269 3387 quem
1293 3302 1466 3388 inprobis,

410 3410 445 3470 ei
467 3404 619 3470 omnibus
642 3404 716 3469 eliis
740 3402 950 3490 pertinentiis
982 3404 1059 3482 suis,
1083 3423 1158 3470 oum
1192 3404 1346 3470 omnibus
1368 3404 1466 3470 liber-

410 3507 537 3574 tatibus
560 3507 637 3584 suis
659 3505 820 3571 habendis
843 3510 879 3572 eb
911 3506 1045 3572 utendis
1072 3506 1128 3584 eis,
1151 3506 1238 3572 sicus
1271 3512 1363 3573 ossis
1385 3507 1467 3572 dieii

411 3610 545 3676 Redulfi
567 3630 714 3696 personne
736 3613 888 3674 testetur.
946 3607 1010 3672 Pro
1042 3607 1105 3674 heo
1126 3614 1239 3673 sulem
1261 3607 1467 3676 oonoessione

411 3718 446 3779 ei
467 3713 713 3780 confirmatione
735 3731 809 3776 mes
831 3709 925 3776 dedit
958 3709 1042 3774 mihi
1075 3710 1184 3776 diebus
1207 3709 1393 3777 Willelmus
1416 3711 1466 3775 di-

410 3814 547 3880 midiam
570 3835 713 3880 meroem
735 3812 874 3899 argenti,
898 3815 933 3876 eb
955 3809 1103 3878 Weltero
1117 3811 1187 3877 filio
1210 3817 1333 3879 meoet
1354 3812 1467 3879 heredi

410 3917 468 3983 xii.
492 3917 654 3988 denarios.
701 3914 778 3980 Hiis
800 3913 952 3992 bentibus,
975 3917 1035 3980 ebo

756 4179 836 4248 cm.
861 4175 1114 4246 CLXXXVIIL

429 4347 536 4414 Uario
558 4339 704 4428 liudolfi
727 4339 767 4406 de
790 4337 1039 4424 Honwloyotoue
1055 4336 1153 4424 foetu
1174 4337 1315 4405 eooleee'ce
1337 4335 1457 4406 Sancti

657 4441 818 4519 Aldelmi,
842 4441 882 4508 de
905 4447 996 4507 tenuo
1019 4441 1059 4506 de
1083 4437 1231 4526 Olotlepi„
1479 4453 1481 4457 ·

317 4641 332 4676 e
456 4601 583 4666 Notum
607 4599 652 4664 sii
673 4596 826 4662 omnibus
849 4601 919 4660 iem
951 4594 1169 4680 praesenbibus
1203 4609 1304 4680 quum
1334 4587 1467 4674 futuris,

411 4704 499 4791 quod
522 4723 581 4788 ego
605 4697 800 4783 deulphus
823 4698 864 4762 de
887 4695 1127 4762 Henekinbone
1150 4695 1292 4762 viosrius
1315 4695 1466 4773 oonoessi,

411 4814 445 4876 eb
466 4808 529 4875 hee
550 4803 707 4892 praesenii
729 4805 821 4870 euris
851 4822 923 4868 mea
945 4800 1146 4880 confirmavi,
1170 4799 1314 4870 eoelesiae
1349 4799 1466 4869 Sancti
