3578 5808
584 895 782 946 nnorsrsuu
806 895 1129 947 Menunssunlnusn.
1341 881 1382 945 93

329 1080 453 1148 habens
484 1087 519 1147 et
552 1087 728 1168 occeptum,
761 1102 874 1147 omnes
908 1087 1011 1147 terras
1044 1086 1078 1147 et
1112 1085 1312 1163 tenemento,
1348 1088 1382 1147 et

330 1185 441 1251 omnia
463 1185 530 1252 clia
552 1185 588 1250 in
611 1189 702 1250 certa
723 1183 871 1270 ipsorum
893 1183 1025 1249 abbatis
1048 1189 1082 1250 et
1098 1189 1284 1250 conventus
1307 1205 1383 1250 con·

329 1295 431 1368 tenta,
454 1289 535 1374 ipsis
558 1288 673 1355 abbati
696 1293 730 1354 et
752 1287 938 1366 conventui,
956 1293 1118 1354 eteorum
1134 1289 1384 1366 successoribus,

329 1413 388 1477 pro
411 1413 463 1456 me
486 1395 521 1456 et
543 1389 800 1478 proheredibus
824 1391 905 1455 meis
921 1392 1064 1456 concessi
1079 1396 1114 1457 et
1136 1391 1383 1478 imperpetuum

329 1492 539 1561 confirmavi:
576 1491 631 1559 Ita
669 1492 759 1578 quod
794 1491 875 1558 dicti
906 1491 1008 1558 abbas
1043 1497 1078 1558 et
1116 1499 1309 1571 conventus,
1348 1500 1383 1559 et

330 1617 442 1662 eorum
465 1615 671 1671 successores,
694 1593 843 1661 habeant
866 1598 900 1660 et
923 1599 1061 1661 teneant
1084 1615 1197 1660 omnes
1220 1601 1325 1661 terres
1350 1601 1383 1662 et

329 1703 525 1774 tenementa,
551 1703 585 1764 et
608 1695 719 1763 omnia
741 1695 809 1762 alia
832 1697 868 1760 in
890 1702 982 1762 carta
1004 1697 1150 1784 ipsorum
1166 1703 1333 1778 contenta,
1350 1703 1385 1763 et

330 1801 373 1867 ad
395 1799 569 1886 praedictss
596 1805 700 1865 terras
724 1804 759 1865 et
781 1803 971 1865 tenementa
986 1800 1026 1865 de
1049 1800 1195 1882 picwode
1212 1805 1246 1866 et
1262 1799 1385 1866 Brohe-

329 1909 406 1969 tone
438 1902 649 1990 pertinentia,
672 1903 742 1967 sine
780 1901 892 1988 aliqua
926 1902 1192 1981 contradictione,
1225 1903 1381 1970 reclama-

330 2007 419 2073 tione
444 2007 497 2072 vol
519 2007 696 2071 vexatione
722 2004 788 2069 mei
803 2005 857 2069 vel
880 2003 1047 2083 heredum,
1065 2006 1119 2070 vel
1141 2007 1384 2093 assignatorum

330 2130 476 2175 meorum
499 2109 753 2196 imperpetuum.
790 2107 915 2173 Ramisi
939 2108 1040 2173 etiam
1064 2109 1187 2174 eisdem
1211 2109 1326 2174 abbati
1349 2115 1384 2174 et

330 2211 508 2278 conventui
531 2217 566 2276 et
589 2233 702 2277 eorum
725 2209 967 2276 successoribus
989 2233 1049 2297 pro
1072 2233 1125 2276 me
1149 2216 1184 2277 et
1206 2211 1383 2276 heredibus

314 2318 365 2380 'et
387 2314 562 2400 assignatis
585 2313 666 2378 meis
689 2313 943 2399 imperpetuum,
958 2313 1157 2400 homagium,
1180 2313 1384 2392 fidelitatem,

329 2413 498 2493 relevium,
530 2415 725 2492 custodiam,
748 2419 871 2482 sectam
904 2416 1080 2492 curiarum,
1113 2421 1148 2481 et
1170 2417 1282 2482 omnia
1316 2416 1383 2483 alia

331 2539 404 2603 quae
427 2517 518 2596 mihi,
541 2517 596 2582 vel
619 2517 797 2583 heredibus
821 2517 875 2582 vel
898 2511 1077 2604 assignatis
1112 2518 1202 2596 meis,
1226 2519 1266 2583 de
1299 2539 1383 2605 prae-

332 2621 428 2686 dictis
462 2620 558 2686 terris
593 2626 627 2686 et
649 2620 849 2686 tenementis
881 2625 916 2686 et
949 2621 1116 2686 occasione
1152 2621 1385 2708 pradictum

331 2729 492 2790 terrarum
515 2728 550 2789 et
574 2726 839 2789 tenementomm
863 2722 904 2787 de
931 2721 1116 2788 Thikwode
1140 2724 1237 2788 etde
1262 2723 1385 2790 Brohe-

331 2831 408 2892 tone
430 2825 543 2911 aliquo
567 2829 713 2911 tempore
736 2830 871 2912 possent
893 2825 1025 2892 evenire
1049 2829 1083 2890 et
1105 2825 1265 2891 accedere.
1313 2824 1384 2892 Sal-

332 2929 384 2993 vis
406 2933 518 2994 tamen
534 2927 617 2991 mihi
641 2933 676 2992 et
691 2925 867 2992 heredibus
882 2927 964 2992 meis
987 2927 1115 2992 duabus
1130 2929 1228 2993 sectis
1251 2931 1384 2993 tantum

334 3031 376 3096 cd
413 3031 537 3096 curiam
577 3049 685 3094 meam
717 3029 758 3094 de
796 3027 943 3107 Oolerne,
978 3027 1022 3093 ad
1059 3027 1244 3114 Hockeday
1277 3034 1311 3094 et
1342 3031 1386 3094 ad

334 3131 493 3199 Sanctum
533 3129 726 3208 Martinum,
765 3131 815 3196 ita
849 3130 936 3215 quod
971 3129 1202 3196 rationabilem
1239 3131 1386 3198 habeant

333 3233 642 3313 summonitionem
663 3253 744 3319 quas
763 3232 901 3320 ¹quidem
924 3236 1028 3298 sectas
1058 3232 1209 3318 praedicti
1233 3233 1335 3300 abbas
1351 3240 1386 3299 et

334 3341 515 3404 conventus
538 3335 662 3402 facient
682 3356 746 3421 per
768 3333 912 3421 aliquem
935 3340 1153 3414 attornatum‚
1176 3357 1235 3423 per
1255 3335 1385 3402 litteras

333 3461 408 3506 suas
429 3443 582 3526 patentes
605 3439 649 3503 sd
663 3437 839 3525 praedictos
854 3438 1013 3503 terminos
1035 3439 1178 3504 tantum.
1224 3437 1270 3504 Et
1284 3439 1386 3504 salvis

331 3541 413 3606 mihi
437 3545 471 3606 ct
485 3540 661 3606 heredibus
676 3540 758 3605 meis
773 3561 841 3605 una
862 3539 948 3604 libra
975 3540 1098 3626 piperis
1114 3545 1149 3606 et
1171 3561 1238 3606 una
1260 3541 1385 3626 cymini

331 3643 374 3708 ad
396 3643 518 3709 festum
542 3641 656 3708 Sancti
682 3641 853 3708 Michaelis
876 3663 936 3728 pro
959 3645 1149 3708 tenemento
1165 3642 1205 3708 de
1229 3643 1384 3726 piewode,

332 3751 367 3812 et
389 3745 563 3811 duodecim
586 3744 739 3810 denarios
761 3766 821 3831 pro
856 3749 1046 3810 tenemento
1069 3745 1109 3809 de
1134 3743 1319 3811 Brohetone
1342 3746 1386 3811 ad

331 3848 472 3913 eundem
510 3847 700 3924 terminum,
731 3868 791 3932 pro
823 3849 913 3912 omni
945 3846 1092 3926 servicio,
1128 3846 1266 3913 seculari
1290 3868 1385 3912 exac-

332 3951 422 4016 tione
446 3955 480 4016 et
502 3950 672 4014 demendo.
720 3948 784 4014 Pro
806 3950 868 4015 hac
890 3955 1002 4016 autem
1025 3949 1230 4016 concessione
1253 3954 1288 4014 et
1310 3969 1385 4016 con-

333 4051 518 4118 firmatione
541 4073 623 4128 mea,
638 4051 803 4117 dederunt
817 4051 901 4116 mihi
924 4051 1005 4117 dicti
1029 4052 1131 4118 abbas
1147 4056 1181 4116 et
1203 4057 1386 4118 conventus

333 4155 456 4241 viginti
480 4145 605 4220 mareas
628 4145 893 4242 sterlinguorum,
917 4158 951 4219 et
974 4155 1011 4219 in
1034 4153 1262 4220 testimonium
1285 4152 1385 4239 hujus

333 4257 548 4323 concessionis
571 4262 605 4322 et
627 4255 884 4324 confirmationis
900 4277 981 4323 meae
1003 4257 1066 4323 hoc
1082 4257 1240 4344 seriptum
1263 4257 1385 4322 eisdem

332 4359 446 4424 abbati
469 4364 503 4424 et
525 4361 705 4425 conventui
739 4358 809 4440 feci,
833 4364 868 4425 et
890 4359 998 4446 sigillo
1021 4381 1093 4427 meo
1124 4359 1262 4448 signavi.
1309 4359 1385 4427 Hiis

333 4461 482 4538 testibus,
506 4465 564 4527 etc.
