3578 5808
496 895 697 948 assrsraun
720 887 1044 948 umursauamusn'.
1255 882 1299 953 17

242 1195 259 1221 “
283 1187 349 1252 iii.''
395 1187 525 1252 Harum
559 1186 664 1274 igitur
696 1187 893 1254 auctoritate
928 1187 1114 1252 litterarum
1146 1187 1297 1273 partibus

243 1311 352 1356 coram
375 1290 470 1356 nobis
493 1290 688 1368 convocatis,
712 1294 747 1355 et
769 1290 893 1355 auditis
911 1289 989 1356 hinc
1012 1290 1089 1354 inde
1112 1294 1188 1377 post
1209 1291 1295 1376 posi·

243 1392 321 1458 tus1
335 1393 454 1460 abbate
470 1397 505 1459 et
527 1397 693 1460 conventu
716 1392 758 1458 de
773 1391 1015 1470 Malmesburia‚
1034 1414 1093 1479 per
1117 1391 1295 1478 Symonem

244 1495 441 1563 monachum
464 1500 708 1582 procuratorem
731 1517 828 1560 suum
858 1500 929 1560 tam
960 1496 1002 1560 ad
1035 1495 1295 1582 componendum
1309 1503 1327 1554 f.
1341 1510 1387 1555 1⁸4
1398 1505 1420 1558 t.

244 1619 344 1684 quam
365 1599 409 1663 ad
431 1597 631 1684 ligitandum
655 1597 780 1675 datum,
803 1603 837 1662 et
860 1596 897 1662 G.
922 1602 1046 1663 rectore
1080 1597 1222 1663 ecclesiae
1255 1599 1295 1663 de

243 1699 413 1766 Suindone
436 1700 472 1764 in
495 1699 628 1786 propria
651 1720 789 1786 persona
820 1719 888 1776 sua,
911 1699 1176 1784 comparentibus
1198 1721 1237 1766 ao
1259 1701 1295 1764 in

237 1802 365 1888 judicio
389 1823 498 1868 coram
530 1801 626 1867 nobis
660 1802 860 1878 constitutis,
893 1805 970 1888 post
1001 1801 1124 1866 multas
1155 1801 1293 1868 alterca-

241 1905 349 1970 tiones
373 1906 506 1970 tandem
529 1905 752 1971 controversia
781 1905 869 1969 inter
902 1904 1056 1969 abbatem
1088 1910 1122 1970 et
1153 1925 1295 1972 conven-

240 2013 316 2074 tum
340 2008 582 2074 Malmesburiae
609 2029 651 2072 ex
674 2027 742 2072 una
763 2011 858 2092 parte
881 2010 916 2071 ct
939 2005 976 2071 G.
1000 2010 1159 2072 rectorem
1194 2007 1294 2073 eccle-

241 2112 302 2176 siae
325 2112 365 2176 de
389 2110 579 2196 Swyndone
602 2131 644 2174 ex
666 2109 779 2187 altera,
802 2130 900 2194 super
922 2108 1062 2173 minutis
1085 2109 1220 2180 decimis
1252 2110 1293 2175 de

240 2213 342 2278 feodo
373 2211 508 2278 Ricardi
540 2211 635 2277 Stive
669 2211 706 2275 in
739 2210 822 2277 villa
844 2211 884 2276 de
919 2209 1098 2290 Suindone‚
1136 2211 1198 2276 sub
1232 2211 1295 2278 hac

241 2316 352 2382 forma
384 2315 551 2382 amicabili
573 2314 808 2400 compositione
830 2313 978 2399 quievit:
1013 2313 1176 2392 videlicet,
1204 2314 1293 2401 quod

240 2418 352 2484 dietus
376 2417 414 2484 G.
437 2422 544 2484 rector
565 2416 709 2483 ecclesia
732 2417 773 2482 de
797 2416 966 2482 Svindone
992 2417 1166 2482 annuatim
1189 2414 1296 2482 solvet

237 2519 501 2586 monasterium1
516 2518 759 2585 Malmesburiae
771 2519 853 2586 duas
868 2519 968 2584 libras
983 2539 1065 2586 ccrae
1079 2519 1212 2585 nomine
1228 2519 1295 2585 dic-

238 2630 351 2690 aarum
367 2623 571 2689 minutarum
587 2622 786 2688 decimarum
802 2621 845 2686 ad
859 2621 981 2686 festum
997 2619 1110 2688 Sancti
1127 2621 1296 2687 Aldlrelmi

238 2725 476 2812 percipiendas.
521 2724 576 2790 Ita
602 2724 690 2810 quod
721 2723 928 2789 dicti‘abbas
952 2729 987 2788 et
1017 2727 1200 2790 conventus
1227 2746 1295 2791 om·

239 2829 322 2894 nino
338 2828 499 2894 desistent
514 2826 557 2892 ab
572 2827 780 2914 impetitione
795 2847 905 2892 suaso
920 2826 1063 2905 nomine,
1077 2848 1138 2894 nee
1153 2828 1296 2914 amplius

239 2952 341 3016 quam
364 2930 438 2996 illas
453 2931 536 2995 duas
557 2929 659 2996 libras
681 2949 763 2995 cerae
786 2929 918 2994 nomine
940 2927 1072 2994 illarum
1095 2929 1296 2996 decimarum

239 3034 386 3119 exigent.
432 3032 551 3099 Dictus
574 3031 679 3118 igitur
701 3031 739 3096 G.
762 3030 920 3117 inspectis
955 3033 1171 3097 sacrosanctis
1193 3053 1294 3098 evan-

238 3132 379 3220 gelium²
388 3134 519 3220 juravit
534 3153 643 3200 coram
662 3133 757 3198 nobis
774 3132 862 3218 quod
876 3131 1005 3198 nullam
1020 3132 1170 3199 fraudem
1185 3133 1293 3213 faciet,

238 3237 295 3302 vel
317 3237 439 3323 aliquis
461 3257 520 3322 pro
544 3257 590 3314 eo,
614 3257 679 3321 quo
711 3233 841 3322 magis²
873 3235 1109 3300 monasterium
1145 3235 1296 3302 Malmes-

237 3339 346 3403 buriae
379 3338 525 3424 aliquam
560 3338 726 3423 jacturam
764 3335 875 3422 aliquo
913 3342 1061 3423 tempore
1099 3338 1222 3404 sentiat
1258 3339 1295 3403 in

236 3441 376 3508 decimis
411 3441 488 3519 suis,
523 3461 604 3526 ques
638 3439 763 3505 habent
793 3439 829 3503 in
862 3438 943 3504 villa
977 3439 1017 3505 de
1051 3439 1220 3506 Suindone
1254 3443 1294 3507 de

235 3543 335 3634 feodo
369 3541 503 3609 Ricardi
541 3541 644 3618 stirs,
683 3540 814 3618 scilicet,
853 3541 1041 3619 benevolus,
1079 3543 1219 3610 devotus
1256 3566 1294 3612 ae

235 3647 356 3724 fidelis,
372 3651 443 3712 tam
457 3645 585 3712 ratione
608 3644 889 3712 confraternitatis
911 3644 1053 3710 fratrum
1077 3647 1200 3712 ibidem
1222 3648 1293 3716 Deo

234 3749 468 3825 servientium,
502 3769 601 3834 quam
631 3747 803 3834 praesentis
835 3746 929 3812 initae
952 3748 1197 3834 compositionis
1230 3750 1294 3835 ipsi

233 3873 369 3938 semper
392 3851 522 3917 existet.
569 3848 731 3914 Similiter
754 3854 788 3913 et
811 3849 918 3914 dictus
941 3856 1133 3935 procurator
1154 3872 1213 3937 pro
1236 3852 1293 3918 ab·

232 3956 317 4020 bate
360 3959 395 4019 et
432 3957 599 4018 conventu
637 3950 880 4018 Malmesburiee
907 3951 1040 4038 juravit
1071 3954 1159 4039 quod
1195 3954 1293 4020 dictis

232 4056 370 4123 duabus
391 4055 485 4120 libris
508 4075 589 4120 cerae
612 4051 760 4119 contenti
783 4073 954 4139 nunquam
977 4051 1019 4120 ab
1041 4053 1104 4121 hac
1127 4055 1292 4122 amicabili

230 4157 476 4244 compositione
499 4157 696 4224 recederent.
731 4155 775 4221 Et
791 4176 832 4220 ne
848 4178 868 4222 a
882 4157 1022 4242 posteris
1037 4157 1100 4224 hoc
1114 4158 1293 4225 devocetur

229 4263 269 4327 in
295 4260 448 4337 dubium,
481 4259 517 4322 in
549 4257 649 4343 hujus
683 4257 732 4325 rei
769 4258 995 4324 testimonium
1033 4259 1142 4345 sigilla
1179 4267 1292 4327 nostra

228 4362 398 4451 praesenti
421 4361 591 4446 scripturas
622 4360 844 4447 apposuimus,
881 4365 916 4426 ot
950 4361 1175 4448 praescriptam
1206 4384 1293 4429 com-

226 4467 437 4555 positionem
459 4465 657 4532 auctoritate
680 4486 746 4552 qua
768 4465 805 4531 in
827 4464 890 4534 hac
906 4471 1001 4553 parte
1024 4465 1194 4554 fungimur
1215 4489 1291 4536 con-

227 4569 453 4636 firmavimus.
1227 4605 1228 4608 κ

228 4732 341 4740 -..-—-

259 4817 343 4870 ἐκ
356 4814 450 4868 nus.
765 4812 772 4881 ι
823 4812 903 4865 asa.

324 4907 405 4959 uso.
