3566 5820
568 925 768 976 nssrsrnuu
792 923 1114 976 rrauuaseonrausu.
1304 909 1367 971 153

312 1115 458 1198 tempore
482 1111 694 1180 confectionis
717 1112 814 1178 istius
830 1110 1044 1177 instrumenti
1067 1109 1138 1176 sins
1160 1111 1273 1195 aliqua
1294 1129 1370 1176 con-

314 1214 509 1282 tradictione
543 1219 760 1282 revertantur.
806 1214 905 1280 Modo
928 1213 1097 1290 consimili,
1129 1212 1157 1278 si
1179 1212 1370 1298 praedictam

313 1316 499 1402 portionem
523 1339 616 1386 suam
640 1317 680 1384 de
704 1316 740 1386 lo
762 1314 975 1404 Burmdclcbc
997 1316 1108 1402 aliquo
1135 1335 1212 1381 casu
1242 1315 1370 1380 contin-

313 1425 411 1505 gente
436 1420 518 1487 dicti
550 1422 728 1508 burgenses
760 1441 819 1508 pro
854 1419 984 1486 defectu
1019 1418 1216 1484 defensionis
1249 1423 1370 1485 nostrae

315 1523 482 1602 amittant,
510 1524 696 1610 portionem
730 1527 878 1592 nostram
913 1522 1105 1609 praedictam
1139 1541 1238 1608 quam
1275 1520 1371 1588 nobis

315 1625 513 1692 remiserunt
535 1624 778 1703 includendam,
801 1624 895 1689 nullo
918 1624 1015 1690 modo
1037 1623 1244 1690 retineamus.

361 1725 423 1794 Pro
462 1726 525 1794 heo
558 1727 757 1804 remissione,
799 1726 996 1806 defensione,
1035 1731 1070 1792 et
1106 1729 1221 1792 nostra
1258 1723 1372 1810 quieta

317 1826 506 1908 clamantia,
529 1830 728 1896 remiserunt
750 1827 846 1894 nobis
869 1828 951 1894 dicti
973 1828 1153 1914 burgenses
1176 1831 1285 1895 totum
1315 1825 1372 1912 jus

318 1934 353 1994 61
386 1928 542 1998 olamium
575 1931 665 2018 quod
695 1930 887 1996 habuerunt
918 1930 955 1994 in
987 1929 1045 1996 illa
1082 1929 1246 2015 particula
1282 1927 1372 1992 illius

319 2031 454 2112 bruerae,
494 2053 595 2122 quam
632 2033 672 2099 de
706 2031 882 2100 voluntate
915 2033 1093 2098 eorundem
1127 2031 1170 2096 ad
1208 2030 1373 2097 culturam

319 2135 509 2202 reduximus
520 2159 529 2218 ;
550 2135 600 2202 116
621 2141 735 2202 tamar
751 2135 839 2223 quod
854 2134 968 2202 licebit
992 2135 1115 2202 eisdem
1142 2140 1176 2200 et
1198 2132 1372 2200 heredibus

318 2238 386 2302 suis
409 2243 443 2304 et
465 2237 641 2325 assignatis
671 2238 864 2324 praedictam
895 2237 1079 2324 portionem
1108 2241 1256 2302 nostram
1286 2235 1373 2302 inter

319 2338 442 2406 fossata
457 2340 617 2426 praedicta
632 2346 667 2406 61
688 2339 835 2407 culturas
851 2339 1025 2426 praedictas
1041 2338 1170 2426 ingredi
1192 2338 1235 2403 od
1250 2337 1373 2404 fossata

319 2463 387 2522 suo,
410 2463 482 2508 cum
508 2463 637 2509 necesse
660 2442 770 2521 fuerit,
792 2442 984 2530 reparanda,
1006 2441 1078 2506 sine
1100 2441 1211 2526 aliquo
1234 2439 1372 2526 impedi-

319 2550 431 2610 mento
455 2545 561 2618 nostri
583 2544 638 2610 vel
660 2543 849 2630 aliquorum
872 2548 1060 2610 nostrorum
1083 2542 1334 2628 imperpetuum.

365 2645 407 2712 In
429 2646 577 2712 omnium
599 2650 712 2712 autem
735 2646 969 2732 praedictorum
985 2645 1121 2732 plenum
1144 2643 1372 2710 testimonium

319 2745 382 2815 hoc
403 2770 547 2834 praesens
584 2746 744 2834 scriptum
775 2747 976 2834 bipertitum
1018 2747 1116 2814 dictis
1155 2746 1373 2834 burgensibus

319 2850 463 2932 fecimus,
491 2855 526 2918 et
547 2849 664 2940 sigillis
685 2851 808 2916 nostris
831 2856 866 2918 et
881 2850 1048 2919 communi
1063 2848 1171 2936 sigillo
1195 2849 1372 2916 eorundem

321 2953 510 3022 alternatim
534 2954 696 3042 appensis,
720 2953 956 3020 roboravimus.

679 3192 760 3260 CAP.
785 3191 1053 3260 OOLXXXIIII.

306 3341 427 3412 ,Oarlo
468 3341 689 3432 torpeamus
726 3343 831 3432 gildae
868 3343 1076 3412 mercatom'oc
1115 3337 1375 3419 Molmcsbarc‘ae,

406 3444 502 3534 sacto
525 3445 639 3512 abbati
654 3452 683 3512 ct
698 3445 878 3512 6666611161
892 3445 1152 3526 Molmcebwrc'oc,
1169 3445 1208 3512 dc
1223 3442 1376 3532 peredere

415 3547 539 3616 naara
565 3570 641 3640 paoe
664 3547 963 3616 Portmowncsctbc
989 3549 1191 3640 appellatur.

368 3692 483 3762 Sciant
504 3697 683 3781 praesentes
705 3699 740 3761 at
773 3694 880 3760 futuri
902 3695 991 3780 quod
1013 3716 1073 3762 nos
1096 3695 1281 3764 Willelmus
1305 3699 1375 3765 Hc·
1390 3709 1543 3774 Quacum

324 3797 663 3875 ussermannus
695 3797 795 3883 geras
829 3798 1033 3864 merearis
1067 3799 1108 3865 ae
1131 3799 1374 3879 usmetum,
1388 3777 1512 3912 3330„

323 3898 465 3966 Thomas
487 3899 628 3976 Hasard,
650 3897 836 3966 Willelmus
859 3900 900 3966 de
934 3900 967 3968 la
988 3900 1073 3979 Sale,
1098 3903 1265 3970 senescalli
1289 3903 1374 3990 ejus·
1388 3911 1511 3977 touehing

325 4002 400 4068 dem
432 4001 540 4087 gildae,
566 4001 732 4070 Hernicus
755 4002 786 4068 16
809 4002 944 4080 Taillur,
969 4001 1157 4070 Willelmus
1191 4005 1232 4072 de
1256 4002 1375 4072 Hund-
1388 3979 1519 4030 mm·

324 4103 505 4182 lavintone,
528 4103 711 4172 Nioholaus
734 4105 765 4170 le
788 4102 913 4184 Warre,
936 4105 1098 4172 Ricardus
1122 4107 1261 4188 Hascrd,
1286 4109 1375 4174 Wal-

326 4212 416 4272 teras
448 4207 480 4272 le
511 4205 660 4285 otaker,
684 4206 865 4275 Nioholaus
900 4213 935 4273 et
967 4208 1071 4275 Hanr’
1095 4209 1242 4290 Hansex,
1278 4211 1378 4299 Hugo

324 4309 356 4376 le
378 4309 566 4396 Teynterer,
587 4307 768 4376 Willelmus
784 4310 814 4376 le
830 4309 908 4396 syr,
924 4309 948 4377 J
948 4309 1092 4378 ohannes
1115 4313 1203 4380 filius
1219 4314 1378 4402 Martyni,

327 4413 495 4480 Johannes
519 4411 630 4489 Triok,
653 4411 763 4478 Adam
798 4413 906 4499 Sprot,
930 4413 1031 4501 Hugo
1054 4414 1201 4494 Testard,
1217 4415 1378 4485 Ricardus

327 4521 362 4584 et
384 4513 572 4582 Willelmus
595 4515 687 4592 Pari,
711 4515 917 4603 Reginaldus
940 4516 971 4582 le
994 4525 1091 4603 pang,
1115 4516 1258 4586 Thomas
1281 4521 1322 4588 de
1345 4521 1378 4587 la

327 4617 491 4698 Postume,
515 4623 550 4682 et
572 4621 644 4682 tota
666 4618 884 4683 communitas
915 4617 1094 4684 intrinseca
1117 4619 1265 4705 ejusdem
1288 4622 1378 4688 villae

327 4725 364 4786 et
384 4720 483 4806 gildae
506 4718 718 4797 mercatoriae,
734 4719 920 4786 remisimus
943 4725 977 4786 et
999 4719 1061 4788 hoe
1076 4725 1232 4807 praesenti
1255 4725 1378 4809 scripto

326 4828 439 4890 nostro
483 4823 633 4909 quietum
680 4822 903 4903 clamavimus,
941 4821 1013 4892 Deo
1050 4829 1084 4889 et
1107 4825 1250 4894 eeclesiae
1288 4825 1378 4893 boati
