3514 5818
775 880 939 930 rnnruon.
1253 865 1387 932 lxxxvii

359 1057 428 1126 (lap.
448 1055 637 1111 cccxxix.
656 1055 746 1110 Carta
772 1053 894 1111 Roberti
915 1053 951 1108 de
979 1053 1129 1121 (lhurlton,
1150 1053 1294 1110 Johannis
1320 1061 1381 1111 atto

483 1139 577 1194 Mulie
601 1138 753 1209 capellani,
782 1141 813 1192 et
830 1137 973 1194 Willelmi
992 1137 1120 1202 (lemme,
1140 1139 1218 1193 fucta
1243 1138 1382 1194 Gailardo

483 1221 555 1277 Pete
582 1226 612 1276 et
636 1222 753 1292 Rogero
778 1219 912 1275 filiosuo
940 1220 976 1275 de
1003 1238 1061 1276 uno
1086 1221 1237 1291 mesuagio
1264 1227 1295 1277 et
1322 1240 1383 1276 uno

482 1303 606 1376 gardino
630 1322 698 1360 cum
716 1303 902 1375 pertinentiis
920 1303 952 1359 in
969 1304 1139 1360 Holbourne
1164 1303 1202 1360 ad
1221 1305 1383 1360 terminum

482 1389 552 1446 vitm
578 1388 786 1459 praedictorum
812 1385 944 1442 Gailerdi
962 1394 993 1444 et
1012 1388 1122 1460 Rogeri
1140 1394 1170 1444 et
1193 1395 1261 1459 post
1278 1407 1381 1444 eorum

484 1471 645 1538 decessum,
664 1470 700 1526 de
719 1470 839 1526 licentia
862 1469 975 1526 domini
1000 1471 1119 1527 Ricardi
1139 1472 1231 1542 Regis
1251 1471 1379 1526 Secundi

482 1555 609 1626 Angliae,
627 1553 706 1626 quod
723 1552 864 1626 praedicta
886 1553 1071 1624 mesuagium
1088 1560 1119 1609 et
1136 1554 1294 1625 gardinum
1312 1572 1381 1610 eum

482 1638 669 1710 pertinentiis
698 1643 869 1693 remaneant
897 1639 1013 1708 integre
1040 1638 1158 1694 domino
1187 1640 1318 1695 Waltero
1343 1639 1379 1694 de

483 1721 603 1779 Oamme
629 1721 727 1776 abbati
752 1720 922 1776 monasterii
949 1721 1167 1776 Malmeeburioe
1192 1727 1223 1777 et
1247 1721 1379 1794 ejusdem

482 1806 539 1862 loci
564 1805 721 1861 conventui
748 1811 778 1860 et
795 1803 1018 1875 ,suecessoribus
1037 1804 1108 1870 suis,
1135 1823 1171 1860 ex
1196 1806 1379 1861 concessione

482 1889 691 1960 praedictorum
718 1888 850 1952 Roberti,
870 1886 1014 1943 lobannis
1044 1893 1075 1942 et
1099 1887 1253 1953 Willelmi,
1271 1889 1378 1958 imper-

482 1978 615 2044 petuum.

446 2055 468 2109 s.
486 2055 548 2110 249.
567 2054 748 2125 Ineomplete
765 2053 954 2109 memorande
971 2053 1147 2125 concerning
1164 2059 1255 2110 rents.
1321 2115 1324 2122 ι

446 2142 468 2197 f.
486 2141 575 2198 2491).
594 2143 685 2196 Lease
703 2141 743 2212 by
761 2140 811 2197 the
830 2141 918 2196 abbot
935 2140 994 2198 and
1011 2147 1136 2196 convent
1154 2141 1188 2196 of
1200 2159 1218 2196 a
1230 2147 1380 2196 tenement

476 2224 571 2280 called
593 2225 791 2295 Hardyngges
821 2224 853 2278 in
870 2223 1021 2295 Westport
1045 2229 1076 2279 to
1102 2213 1188 2279 rhos.
1214 2225 1273 2280 and
1301 2223 1379 2279 Mar-

482 2312 568 2378 garet
578 2308 671 2362 Whit.
709 2309 742 2362 11
755 2307 832 2362 Heu.
844 2307 935 2364 VIII.

446 2391 467 2446 l.
486 2391 548 2446 250.
568 2391 743 2446 Reddituale
761 2391 879 2461 capellae
898 2392 932 2445 Β.
952 2389 1055 2445 Mariae
1080 2389 1189 2446 ibidem
1206 2396 1381 2446 renovatum

458 2479 612 2544 tempore
631 2473 774 2528 iohannis
793 2471 958 2538 Rodborne,
978 2479 1049 2529 tuno
1065 2474 1194 2529 custodis
1213 2473 1331 2540 ibidem,
1349 2475 1379 2528 in

481 2557 558 2612 sesto
578 2557 678 2613 Sancti
696 2556 838 2612 Barnabae
857 2557 991 2628 apostoli.
1027 2558 1103 2612 A.D.
1122 2559 1201 2613 1399.

445 2641 467 2697 f.
485 2639 575 2708 2531).
593 2641 678 2697 Nova
703 2640 863 2710 assignatio
887 2639 1012 2696 Walteri
1029 2641 1065 2696 de
1091 2640 1210 2696 (lemme
1235 2643 1385 2712 qnondam

482 2722 595 2780 abbetis
627 2722 716 2794 hujus
747 2723 804 2778 loci
831 2723 867 2778 de
898 2722 1022 2778 diversis
1051 2723 1215 2779 redditibus
1241 2742 1294 2795 pro
1322 2743 1382 2780 una

481 2805 572 2861 missa
590 2806 720 2877 quolibet
738 2805 786 2861 die
804 2805 977 2861 celebrande
988 2805 1020 2860 in
1031 2807 1142 2876 capella
1160 2808 1258 2862 Beatae
1276 2807 1381 2876 Merite

480 2887 626 2960 Virginis,
654 2895 685 2944 et
709 2907 762 2960 pro
789 2889 853 2960 ejus
879 2889 1077 2944 anniversario
1096 2891 1227 2960 quolibet
1253 2909 1329 2946 anno
1348 2892 1380 2946 in

480 2973 556 3027 festo
576 2970 606 3026 S.
625 2971 783 3042 Milburgoe
795 2971 930 3042 Virginis
943 2972 1116 3028 celebranda
1128 2991 1180 3043 pro
1194 2974 1258 3045 ejus
1270 2974 1379 3029 anima.

445 3056 466 3112 f.
484 3054 573 3112 atuh.
591 3056 800 3126 Hankyntone.
838 3056 962 3111 Rentale
979 3054 1112 3110 redditus
1126 3055 1235 3111 ibidem
1247 3058 1381 3112 renovati

480 3140 519 3195 ad
534 3139 643 3195 festum
663 3139 693 3194 S.
712 3138 876 3203 Michaelis,
896 3141 922 3194 a.
940 3155 965 3194 r.
983 3155 1008 3194 r.
1027 3138 1092 3195 Rie.
1111 3139 1164 3204 11,
1184 3140 1265 3194 xxiii.

445 3223 466 3277 t.
485 3222 573 3279 aete.
593 3222 744 3279 Resolutio
767 3221 938 3277 reddituum
962 3221 1131 3292 coquinario
1151 3223 1187 3278 de
1202 3224 1381 3294 Burgabulo,

480 3305 647 3376 langabulo,
676 3305 772 3360 churs’
805 3321 872 3359 cum
905 3304 1134 3361 hundredselver
1167 3323 1219 3376 pro
1255 3307 1380 3363 dirersis

480 3389 655 3444 tenementis
681 3388 712 3442 in
738 3387 939 3459 Malmesbury
957 3393 988 3444 et
1013 3406 1066 3459 pro
1090 3390 1220 3445 manerio
1241 3391 1379 3460 deflen-

481 3472 620 3542 lryntone.
929 3491 932 3496 Δ
992 3479 994 3484 “
1354 3533 1357 3540 ,

445 3555 466 3610 t.
485 3554 547 3612 256.
567 3553 686 3625 Capella
709 3555 743 3610 B.
774 3554 877 3610 Mariae
911 3555 1084 3611 Monasterii
1107 3555 1224 3612 Malme.
1267 3558 1381 3614 Bundee

480 3643 626 3693 terrarum
650 3644 680 3693 et
703 3643 937 3693 tenementorum
961 3639 1039 3695 infla
1061 3639 1177 3696 villum,
1191 3639 1325 3696 Malmes.
1350 3647 1381 3697 et

468 3726 563 3778 extra
586 3721 664 3792 apud
682 3721 825 3784 Bremele,
849 3720 1006 3777 Soherston
1030 3739 1161 3793 pamam,
1184 3723 1376 3794 Hankynton,

481 3805 514 3860 in
535 3823 637 3876 campo
657 3806 693 3860 de
713 3803 907 3869 Bremelham,
927 3804 959 3858 in
976 3821 1079 3876 eampo
1098 3807 1135 3861 de
1146 3807 1331 3872 Mnlbonrne,
1351 3813 1382 3864 et

481 3889 623 3954 Walcote,
655 3893 890 3944 tenementorum
915 3892 945 3943 et
972 3893 1117 3944 terrarum
1129 3891 1275 3960 quondam
1299 3891 1379 3946 Hen-

479 3971 535 4027 rici
546 3972 628 4027 Moes
640 3972 673 4026 in
684 3973 828 4042 Bynpmt,
841 3976 1076 4027 tenementorum
1089 3977 1119 4027 et
1131 3979 1277 4028 terrarum
1288 3993 1380 4045 quon-

478 4056 549 4111 dam
564 4054 773 4110 Bartholomaei
786 4054 907 4127 Aunger
920 4055 952 4110 in
963 4055 1124 4127 Westport‚
1138 4062 1374 4113 tenementorum

479 4145 509 4194 et
532 4145 678 4194 terrarum
704 4138 849 4208 quondam
880 4137 1021 4193 Johannis
1052 4138 1220 4211 Wyrcestre
1256 4139 1377 4206 ibidem,

478 4227 712 4278 tenementorum
737 4218 791 4291 [et]
812 4226 959 4276 terrarum
983 4221 1129 4292 quondum
1147 4224 1267 4278 Ricardi
1289 4223 1375 4296 Sowy

477 4305 556 4376 apud
573 4305 690 4361 Bremel
708 4310 738 4360 et
756 4303 930 4359 Haselholt.

442 4393 463 4448 f.
481 4392 543 4450 25⁷.
562 4392 651 4448 'I'eble
663 4393 697 4447 of
706 4391 856 4456 (lontents,
870 4391 955 4462 (laps.
967 4391 1087 4451 XXXV
1087 4391 1356 4450 11.-ccnxxlx.

441 4475 462 4531 l.
488 4475 541 4532 265
550 4476 579 4531 b.
609 4475 739 4532 Nomina
777 4475 967 4531 fundatorum
1002 4493 1098 4546 nuper
1135 4478 1307 4533 monasterii
1341 4479 1379 4534 de

479 4558 693 4631 Malmysbury.

441 4641 650 4714 Explanations
662 4643 696 4697 ot’
704 4641 754 4698 the
767 4657 914 4696 mensures
927 4641 960 4694 of
969 4641 1047 4697 land.
1089 4641 1194 4710 (These
1207 4643 1315 4699 entries
1328 4661 1379 4698 are

477 4731 573 4787 added
584 4730 623 4801 by
636 4748 653 4785 a
666 4728 735 4784 16th
747 4735 871 4799 century
882 4727 985 4795 band.)

412 4903 491 4955 Neo.
1084 4957 1086 4961 .
1222 4903 1246 4966 h
