3524 5808
673 883 851 931 nrrnnmx
874 883 912 931 11.
1260 872 1323 934 415

272 1071 402 1149 bantur,
426 1075 460 1135 et
483 1069 523 1134 de
539 1069 693 1135 omnibus
715 1070 790 1134 aliis
807 1069 936 1146 debitis,
953 1072 1177 1137 contractibus
1200 1078 1234 1137 et
1249 1093 1326 1138 con·

271 1173 482 1238 ventionibus
513 1172 794 1257 qualitercumque
826 1172 982 1238 confectis
1005 1175 1048 1238 ab
1079 1175 1175 1238 initio
1199 1176 1324 1253 mundi,

272 1297 372 1360 usqne
406 1276 449 1339 ad
481 1275 605 1339 festum
641 1275 755 1341 Sancti
793 1274 963 1341 Michaelis
1002 1277 1152 1361 proximo
1185 1299 1324 1363 sequens

271 1398 345 1462 post
371 1376 458 1442 diem
484 1375 700 1454 confectionis
723 1378 945 1462 praesentium.
992 1379 1046 1442 Ita
1080 1380 1167 1464 quod
1199 1401 1259 1465 ego
1290 1387 1324 1444 et

271 1479 405 1545 heredes
439 1479 503 1544 mei
535 1479 578 1543 ab
612 1479 765 1544 omnibus
800 1479 987 1546 actionibus
1018 1482 1187 1566 praetactis
1220 1483 1323 1546 simus

272 1581 395 1646 exclusi
418 1582 454 1645 in
477 1585 672 1667 perpetuum
696 1603 755 1667 per
777 1587 962 1667 praesentes.
1010 1583 1051 1646 In
1070 1584 1163 1669 cujus
1186 1585 1232 1648 rei
1258 1590 1323 1650 tes·

272 1684 446 1748 timonium
478 1682 557 1747 huic
578 1684 701 1770 scripto
724 1683 868 1770 sigillum
901 1705 1011 1749 meum
1044 1687 1189 1771 apposui.
1247 1688 1322 1752 Hiis

270 1786 419 1863 testibus
444 1792 503 1851 etc.

314 1979 355 2042 In
379 2000 498 2064 magno
521 1977 644 2042 Rotulo
667 1977 709 2042 de
731 1997 819 2042 anno
842 1977 944 2042 xiiis.
992 1978 1033 2042 In
1056 1977 1183 2045 Wiltes.
1332 1963 1437 2012 ΕΜ

314 2081 426 2146 Assae
460 2081 501 2145 ce
534 2080 768 2145 narmessuna
799 2078 897 2145 deses
932 2080 975 2144 n.
1015 2102 1140 2146 marcas
1179 2083 1218 2147 ee
1253 2083 1318 2148 fine
1331 2029 1476 2160 tlttltr

268 2205 328 2270 pro
352 2184 608 2270 transgressione
632 2203 690 2268 pro
714 2181 869 2247 thesauro
893 2183 1040 2260 invente,
1063 2185 1149 2249 sicut
1171 2187 1319 2250 contine·
1332 2163 1469 2279 {amm

269 2293 325 2351 tur
359 2287 395 2350 in
409 2285 518 2350 rotulo
542 2284 582 2348 de
606 2283 728 2348 finibus
752 2288 786 2348 et
807 2285 1070 2349 amerciamentis
1093 2307 1201 2350 coram
1218 2287 1318 2352 Baro·
1333 2303 1405 2346 trove
1418 2303 1445 2345 ιι

268 2391 367 2454 nibus
400 2410 487 2455 anno
512 2389 579 2454 xix.
603 2387 688 2473 regis
712 2387 899 2472 E[dwardi]
931 2389 1046 2473 patris,
1069 2395 1136 2466 etc,
1161 2389 1218 2453 sed
1253 2412 1319 2454 non
1333 2364 1473 2426 W⁰⁸‘P⁰“'

269 2493 368 2558 debet
402 2491 479 2556 inde
502 2491 710 2568 summoneri,
735 2491 813 2576 quia
847 2491 935 2556 idem
959 2492 1061 2556 abbas
1086 2493 1262 2579 respondet
1284 2495 1320 2557 in

268 2596 376 2661 rotulo
399 2617 454 2659 xx.
479 2595 560 2660 dicti
582 2593 668 2679 regis
692 2592 878 2680 Eldwardi]
896 2595 932 2658 in
956 2593 1074 2658 Wiltes
1090 2595 1130 2660 de
1153 2591 1320 2681 praedictis

268 2699 312 2763 xl.
335 2697 463 2775 marcis,
493 2696 622 2762 detine
645 2696 813 2782 praedicto.
863 2695 925 2761 Per
947 2697 1093 2776 rotulum
1115 2721 1248 2763 memor.
1280 2700 1320 2764 de

268 2802 357 2866 dicto
379 2821 466 2865 anno
489 2799 567 2878 xlm,
583 2804 617 2864 et
639 2800 818 2864 vicecomes
834 2799 952 2864 Wiltes
968 2822 1055 2865 anno
1079 2802 1148 2865 xxi.
1166 2807 1321 2867 oneratur

268 2905 356 2969 inter
379 2902 497 2968 totalia
518 2923 579 2966 sua
601 2902 636 2965 in
660 2901 748 2966 dicto
772 2901 881 2966 rotulo
904 2925 970 2978 xx„
994 2909 1029 2966 et
1052 2903 1185 2989 quietus
1208 2910 1266 2969 est.

322 3104 394 3168 Rex
419 3101 603 3168 vicecomiti
628 3101 754 3166 Wiltes'
778 3101 924 3166 salutern.
982 3101 1073 3167 Scias
1100 3105 1187 3189 quod
1215 3104 1317 3169 abbas
1332 3113 1433 3192 Wricto
1446 3113 1489 3164 the

267 3208 309 3271 dc
340 3205 576 3271 Malmesburia
611 3205 745 3289 quietus
783 3210 834 3268 est
864 3204 906 3268 ad
939 3206 1136 3271 scaccarium
1167 3213 1316 3271 nostrum
1330 3179 1458 3296 ssffisffl

268 3308 377 3373 dcxl.
415 3308 534 3372 marcis
569 3327 651 3390 quas
683 3306 779 3370 nobis
818 3306 917 3371 debet
954 3308 994 3372 de
1033 3309 1098 3373 fine
1129 3330 1188 3393 pro
1213 3314 1316 3372 trans-

268 3411 441 3496 gressione.
489 3409 533 3474 Et
565 3407 639 3472 ideo
663 3407 725 3472 tibi
759 3409 968 3494 praecipimus
1004 3410 1091 3494 quod
1126 3411 1234 3496 ipsum
1259 3411 1316 3475 ab·

266 3513 377 3577 batem
415 3534 475 3597 pro
513 3510 656 3575 denariis
694 3508 861 3596 praedictis
907 3510 947 3575 de
983 3517 1101 3577 caetero
1139 3534 1206 3577 non
1250 3513 1316 3576 dis-

268 3615 400 3700 tringas.
463 3613 507 3676 Et
544 3611 792 3689 districtionem,
824 3614 852 3676 si
876 3634 975 3698 quam
1008 3613 1038 3677 ei
1072 3636 1111 3677 ca
1149 3615 1316 3680 occasione

267 3716 416 3792 feceritis,
433 3715 567 3780 omnino
590 3713 718 3779 relaxes
741 3714 855 3780 eidem.
895 3714 991 3780 Teste
1015 3715 1065 3778 W.
1090 3715 1130 3780 de
1154 3717 1318 3794 Norwico,

266 3827 325 3884 etc.

310 3919 373 3983 Per
394 3940 552 4004 magnum
574 3917 719 3983 rotulum
743 3918 784 3983 de
806 3939 894 3982 anno
917 3919 987 3984 xiii.
1011 3919 1045 3982 in
1070 3919 1197 3985 Wiltes.

713 4185 885 4251 Fidelc'tcs.

311 4355 372 4419 Jeo
395 4375 467 4418 sera
489 4353 567 4417 foial
591 4356 626 4417 et
655 4351 742 4427 loial,
765 4358 799 4416 et
822 4351 866 4417 foi
891 4373 974 4416 vous
1007 4359 1138 4439 postera
1172 4376 1234 4439 pur
1268 4355 1447 4440 lezrormor

266 4463 351 4522 teres
374 4461 408 4520 et
440 4459 627 4519 tenementz
649 4460 713 4538 qu‘e
742 4453 798 4538 jeo
832 4453 938 4538 cleym
972 4455 1059 4519 tenir
1090 4455 1130 4519 de
1165 4476 1248 4519 vous
1282 4455 1413 4521 etfwlty·

265 4557 436 4624 loialmcnt
458 4557 508 4620 fra
530 4563 565 4620 et
588 4561 764 4641 cognustra
786 4555 835 4620 lez
858 4563 968 4620 rentes
991 4566 1025 4622 et
1056 4557 1104 4620 lez
1132 4558 1273 4621 servicez
1297 4579 1317 4620 a

269 4681 351 4726 vous
374 4660 457 4724 duez
490 4680 553 4744 pur
585 4657 635 4723 lez
669 4663 772 4722 terres
806 4663 840 4723 et
872 4662 1060 4722 tenementz
1093 4658 1317 4726 avaunteditz.

270 4763 306 4830 Si
329 4761 423 4827 Dieu
446 4761 555 4828 moide
578 4767 612 4825 et
634 4760 684 4824 lez
706 4765 832 4848 seyntz.
