3526 5810
432 846 497 909 232
685 859 882 908 arnisrnnn
905 860 1226 910 nnurrusnunrunsn.

430 1047 578 1114 confecta
611 1048 740 1135 plenius
775 1053 924 1114 testatur.
972 1048 1017 1114 Et
1047 1049 1084 1114 in
1121 1049 1346 1114 testimonium
1380 1049 1478 1134 hujus

430 1149 629 1215 remissionis
661 1157 695 1216 et
726 1150 847 1236 quietae
884 1151 1070 1216 clamantiae
1107 1173 1196 1240 meae
1225 1151 1287 1216 hoc
1320 1151 1479 1236 seriptum

430 1252 553 1317 eisdem
586 1253 701 1318 abbati
732 1259 766 1318 et
798 1253 975 1318 conventui
1007 1253 1078 1331 feei,
1101 1258 1136 1318 et
1169 1253 1254 1318 illud
1275 1252 1383 1339 sigilio
1406 1275 1479 1317 meo

430 1355 567 1440 signavi.
636 1356 712 1420 Hiis
755 1357 904 1434 testibus,
938 1356 1080 1420 dominis
1116 1355 1267 1421 Johanne
1306 1355 1480 1431 Mauduth,

431 1457 579 1523 Galfrido
613 1459 653 1522 de
685 1457 796 1535 Morle,
829 1458 1008 1538 militibus3
1034 1457 1186 1523 Johanne
1221 1457 1261 1522 de
1293 1456 1479 1543 Hanekyn-

305 1589 307 1598 *
430 1567 516 1637 tone,
531 1560 675 1625 Roberto
691 1560 731 1624 de
751 1560 784 1624 la
799 1561 872 1636 Lea,
888 1559 1047 1645 Wyberto
1070 1561 1111 1624 de
1134 1558 1319 1638 Charitone,
1336 1559 1479 1624 Henrico

430 1662 461 1727 16
478 1661 572 1748 Scay,
596 1663 727 1748 Pagano
745 1663 786 1727 de
802 1661 1060 1748 Brokeneberge,
1077 1661 1238 1726 Giliberto
1261 1662 1301 1726 de
1325 1661 1478 1738 Gardino,

430 1771 465 1830 et
486 1764 568 1830 aliis.

795 1937 895 2022 on.
921 1954 1092 2023 cccnvr.

433 2083 540 2150 carra
568 2081 726 2148 Witlelrna'
749 2082 879 2150 abbatis
904 2083 1000 2171 facte
1029 2105 1096 2169 pro
1119 2083 1293 2151 scatade
1323 2083 1372 2150 cd
1403 2106 1479 2150 aar·

779 2185 912 2252 certarat
934 2185 1117 2272 aseiprma.

474 2305 647 2370 'Universis
670 2309 792 2370 sanotae
815 2304 930 2369 matris
953 2304 1095 2369 ecclesiae
1129 2303 1214 2381 filiis,
1249 2310 1283 2368 et
1313 2303 1477 2388 praecipue

429 2407 606 2484 abbatibus
628 2412 663 2472 et
684 2407 844 2472 fratribus
866 2407 902 2470 in
918 2406 1200 2472 Malmesbnriensi
1216 2405 1364 2472 coenobio
1382 2405 1478 2470 nobis

429 2509 631 2586 successuris,
655 2509 756 2574 frater
770 2508 821 2574 W.
842 2508 1140 2573 Malmesburiensis
1163 2507 1305 2573 ecclesiae
1326 2508 1477 2573 minister

318 2609 325 2623 '
356 2644 357 2647 ¹
428 2612 572 2690 humilis,
596 2617 630 2677 et
652 2612 799 2698 ejusdem
813 2611 877 2676 loci
901 2616 1091 2688 conventus,
1110 2611 1252 2676 salntem
1275 2611 1310 2676 in
1332 2611 1475 2675 Domino

427 2715 668 2800 sempiternam.
715 2713 767 2778 Ne
791 2735 925 2799 eaquae
947 2713 1067 2778 nostris
1099 2713 1303 2798 temporibus
1325 2713 1477 2778 ordinata

427 2824 507 2882 sunt
529 2822 564 2881 et
585 2817 727 2902 provisa,
742 2837 801 2901 per
824 2815 1033 2902 praelatorum
1049 2815 1275 2892 mutationem,
1291 2819 1475 2901 temporum

427 2919 653 2995 variationem,
676 2940 714 2984 ac
735 2918 875 2986 fratrum
900 2918 1134 2983 successionem
1157 2917 1316 2981 oblivioni
1343 2917 1475 2983 tradan-

429 3029 492 3099 tur,
515 3022 573 3086 sed
605 3021 715 3108 potius
749 3021 907 3086 beneficio
942 3021 1112 3107 scripturae
1140 3021 1340 3098 muniantur,
1366 3027 1405 3087 ut
1438 3044 1475 3088 eo

429 3125 527 3190 citius
549 3128 717 3210 perpetuae
746 3123 911 3188 memoriae
948 3123 1148 3210 infigantnr3
1173 3123 1217 3188 ad
1250 3124 1476 3191 universitatis

428 3233 547 3292 vestrae
569 3226 723 3291 notitiam
757 3225 909 3290 volumus
941 3227 1121 3312 pervenire,
1152 3226 1238 3311 qnod
1270 3247 1345 3292 eum
1375 3227 1475 3293 frater

428 3329 596 3394 Galfridus
634 3327 758 3404 ausser,
795 3327 931 3392 sacrista
969 3327 1111 3393 ecclesiae
1149 3332 1278 3405 nostrae,
1309 3331 1474 3414 quandam

428 3437 549 3497 terram
578 3431 669 3516 apud
701 3429 882 3507 Stonhulle,
913 3429 1002 3515 haya
1026 3430 1277 3515 circumquaque
1307 3430 1474 3510 inclusam,

427 3533 555 3620 magnis
578 3532 746 3597 laboribus
781 3536 816 3597 et
849 3533 1001 3617 expensis
1035 3532 1078 3597 ad
1110 3533 1328 3598 sacristariam
1360 3535 1475 3620 adqui·

426 3635 536 3715 sierit;
566 3635 808 3700 considerantes
845 3633 933 3718 quod
971 3633 1060 3699 dicta
1089 3639 1177 3698 terra
1213 3634 1255 3696 ad
1293 3636 1475 3700 vaccariam

426 3741 571 3802 nostram
595 3736 635 3802 de
658 3735 832 3801 Stonhulle
855 3735 952 3800 valde
974 3735 1020 3800 sit
1049 3735 1141 3799 utilis
1165 3739 1198 3799 et
1224 3737 1412 3814 necessaria,
1434 3739 1475 3802 de

427 3839 592 3906 communi
614 3860 773 3905 consensu
796 3843 976 3903 conventus
1013 3838 1127 3914 nostri,
1149 3857 1276 3902 necnon
1298 3844 1333 3903 et
1355 3838 1396 3903 de
1418 3861 1474 3904 vo·

427 3941 557 4006 luntate
588 3940 739 4029 praedicti
761 3939 912 4016 sacristae,
944 3939 1170 4003 ordinavimus
1196 3941 1230 4002 et
1262 3939 1474 4023 providimus,

428 4045 516 4131 quod
543 4045 632 4110 diota
656 4048 743 4108 terra
767 4043 920 4119 sacristae,
949 4041 1125 4107 abbatibus
1148 4040 1243 4105 nobis
1280 4045 1474 4109 successuris

427 4147 471 4226 ad
502 4146 684 4212 vaccariam
718 4165 830 4210 eorum
857 4143 897 4209 de
938 4143 1113 4209 Stonhuile
1151 4148 1318 4208 remaneat
1355 4145 1473 4231 imper-

427 4253 573 4335 petuum.
619 4247 664 4311 Et
694 4268 736 4312 ne
767 4268 825 4332 per
857 4246 1003 4311 nostram
1037 4245 1276 4311 ordinationem
1301 4250 1335 4310 et
1366 4248 1474 4332 provi·

428 4351 551 4416 sionem
577 4349 664 4414 bona
686 4347 879 4413 sacristariae
910 4347 1075 4432 adquisita
1109 4346 1302 4411 minuantur
1335 4347 1388 4412 val
1419 4349 1475 4413 de·
1594 4337 1599 4344 “

428 4452 635 4528 teriorentur,
657 4450 715 4516 sed
737 4450 847 4536 potius
869 4455 1053 4535 augeantur
1079 4453 1113 4514 et
1143 4447 1362 4525 meliorentur,
1387 4471 1475 4535 quae-

428 4555 504 4620 dam
524 4553 661 4618 inferius
683 4557 849 4629 annotata,
872 4552 909 4615 in
931 4552 1227 4636 compensationem
1259 4551 1357 4616 dietae
1379 4557 1474 4618 terrae

428 4659 469 4722 de
493 4654 675 4730 Stonhulle,
691 4654 731 4718 de
756 4652 927 4718 voluntate
954 4659 988 4718 et
1009 4675 1143 4718 assensu
1166 4658 1347 4718 conventus
1370 4653 1474 4718 nostri

428 4761 471 4826 ad
494 4758 712 4825 sacristariam
746 4756 1002 4843 assignavimns3
1034 4756 1196 4834 videlicet,
1228 4757 1367 4822 crottam
1397 4779 1472 4842 quae
