3578 5808
436 899 478 965 58
686 914 884 978 samareum
907 913 1229 966 manusnomrusa.

434 1103 521 1180 viiia,
545 1103 603 1188 qui
626 1103 731 1168 dictas
754 1104 896 1168 decimas
920 1125 979 1188 pro
1013 1108 1157 1188 ternpore
1180 1101 1343 1177 habuerit,
1365 1100 1484 1186 imper-

434 1209 572 1290 petuum
605 1203 650 1271 ad
682 1204 804 1270 festum
839 1205 954 1270 Sancti
985 1204 1156 1271 Michaelis
1188 1201 1416 1290 percipienda:
1452 1207 1486 1265 et

435 1307 546 1392 Lucye
569 1308 610 1372 dc
633 1307 814 1374 Hereforde
845 1307 885 1372 de
919 1308 1096 1374 donatione
1128 1306 1329 1373 decimarum
1351 1325 1485 1370 suarum

435 1410 475 1474 de
506 1410 669 1476 dominico
701 1432 760 1475 suo
795 1410 835 1474 de
868 1410 1026 1494 praedicta
1058 1409 1156 1475 Nova
1177 1409 1277 1473 villa:
1301 1428 1428 1473 necnon
1451 1410 1486 1471 et

434 1511 714 1578 confirmationem
749 1510 947 1577 venerabilis
981 1511 1092 1576 fratris
1124 1510 1228 1576 nostri
1262 1509 1399 1576 Henrici
1422 1509 1486 1594 piae

434 1615 600 1680 memoriae
623 1615 868 1699 praedecessoris
891 1614 995 1678 nostri
1027 1633 1126 1699 super
1148 1612 1314 1698 praedietis
1337 1611 1486 1677 donatio·

434 1715 533 1779 nibus
556 1714 732 1800 diligenter
755 1714 945 1800 inspexisse.
994 1713 1249 1780 Considerantes
1280 1713 1384 1800 igitur
1406 1733 1486 1797 quo-

434 1817 525 1880 niam
549 1817 619 1881 dies
642 1816 720 1881 mali
744 1822 831 1892 sunt,
855 1822 889 1880 et
911 1815 1057 1881 humana
1079 1815 1210 1881 malicia
1224 1815 1267 1880 ad
1290 1837 1390 1880 sacrae
1412 1814 1486 1879 reli-

434 1918 543 2004 gionis
580 1918 825 1983 subversionem
863 1917 1026 1982 instanter
1063 1917 1271 1995 incrassatur,
1309 1938 1351 1980 ne
1390 1915 1487 1981 dictis

437 2021 550 2085 abbati
588 2026 623 2084 et
659 2020 838 2085 conventui
877 2019 917 2084 de
956 2018 1193 2084 Malmesburia
1230 2018 1350 2085 exinde
1383 2018 1487 2104 possit

437 2122 576 2186 suboriri
612 2122 737 2187 occasio
770 2122 1008 2198 controversiae,
1042 2119 1102 2185 has
1136 2121 1208 2206 pias
1240 2120 1432 2186 donationes
1455 2123 1489 2183 et

437 2224 584 2289 diutinas
607 2223 830 2310 possessiones,
855 2223 926 2287 Deo
949 2229 984 2288 ct
1017 2223 1159 2289 acclesiae
1191 2222 1232 2287 de
1255 2222 1489 2288 Malmesburia

438 2327 635 2392 auctoritate
673 2326 856 2412 pontificali
897 2326 1136 2402 confirmamus,
1170 2330 1206 2390 et
1242 2325 1285 2390 ad
1318 2329 1487 2410 perpetuae

438 2429 606 2492 firmitatis
628 2429 838 2493 securitatem
861 2428 961 2513 sigilli
984 2429 1088 2493 nostri
1120 2427 1318 2515 pontificalis
1352 2429 1488 2513 impres·

440 2531 531 2597 sione
554 2530 790 2597 roboravimus.
836 2531 913 2594 Hiis
935 2531 1089 2608 testibus,
1112 2535 1172 2596 etc.

860 2845 939 2912 Car.
965 2844 1062 2911 OOV.

438 3013 487 3078 De
509 3035 585 3079 uara
607 3035 689 3080 ocra
705 3013 880 3100 frcowatc'
901 3012 1093 3078 caeca-um
1119 3032 1267 3077 concesso
1289 3009 1427 3077 acclmioe
1450 3007 1489 3076 dc

889 3114 1034 3180 Yottoaa

274 3278 392 3330 Grantto
486 3271 649 3336 Omnibus
670 3292 814 3356 praesens
837 3272 997 3356 scriptum
1020 3268 1225 3354 inspecturis,
1241 3267 1271 3333 J.
1295 3267 1359 3334 Dei
1381 3269 1489 3355 gratia

272 3343 426 3462 ffi‘fflh
439 3373 541 3437 abbas
565 3373 814 3449 Malmesburiae,
838 3378 872 3438 et
888 3371 1034 3457 ejusdem
1057 3370 1119 3435 loci
1143 3376 1333 3446 convenius,
1349 3371 1490 3436 salutem

440 3476 476 3539 in
510 3475 660 3540 Domino.
711 3474 881 3539 Noveritis
914 3495 974 3539 nos
1012 3473 1139 3537 intuitu
1174 3473 1322 3537 caritatis
1354 3472 1490 3551 dedisse,

440 3577 629 3663 assignasse,
653 3580 687 3642 et
709 3576 770 3640 hoc
792 3576 947 3662 praesenti
970 3576 1091 3660 scripto
1125 3575 1341 3650 confirmasse,
1363 3573 1435 3641 Deo
1457 3581 1492 3642 et

440 3680 584 3745 ecclesiae
607 3679 647 3743 de
674 3678 820 3744 Yectone
854 3700 954 3743 unam
989 3698 1098 3744 acram
1128 3676 1284 3741 frumenti
1317 3678 1491 3743 annuatim

441 3785 645 3850 inbladaiam
679 3782 720 3848 de
752 3784 915 3849 dominico
946 3789 1058 3849 nostro
1090 3783 1130 3848 de
1162 3781 1318 3859 Yeotone,
1349 3783 1490 3861 tertiam,

441 3887 574 3963 scilicet,
597 3886 773 3964 meliorem,
797 3907 896 3972 quam
919 3890 1024 3950 rector
1046 3884 1189 3950 ecclesiae
1212 3883 1253 3948 de
1269 3884 1415 3950 Yectone
1438 3886 1492 3950 vel

442 3989 513 4073 ejus
545 3993 733 4054 attornatus
765 3989 883 4074 eligere
914 3988 1057 4053 voluerit
1087 4009 1145 4073 per
1178 3988 1287 4052 visum
1324 3989 1492 4073 praepositi

442 4092 555 4168 nostri,
579 4092 636 4176 qui
659 4113 719 4176 pro
741 4096 886 4177 temporo
909 4091 1018 4167 fuerit,
1041 4089 1091 4155 ita
1119 4094 1341 4155 mensuratam
1364 4090 1400 4152 in
1422 4089 1493 4154 lon·

441 4193 593 4280 gitudine
609 4198 643 4258 et
658 4192 834 4258 latitudine
851 4194 937 4258 sicut
952 4192 1058 4258 coloni
1081 4191 1184 4256 nostri
1208 4190 1289 4256 alias
1305 4211 1492 4257 mensurare

442 4300 691 4360 consueverunt.
754 4295 910 4380 Exceptis
942 4295 1038 4359 terris
1073 4294 1203 4370 fimetis,
1236 4297 1270 4358 et
1302 4292 1425 4368 croftis,
1459 4300 1494 4359 et

443 4396 582 4462 dimidia
604 4398 735 4482 virgata
758 4419 857 4482 quam
874 4397 1039 4462 Martinus
1061 4396 1158 4463 homo
1182 4402 1294 4462 noster
1316 4400 1427 4472 tenet;
1452 4395 1492 4461 de

444 4498 562 4583 quibus
586 4497 721 4564 ecclesia
742 4498 827 4563 nihil
849 4499 1016 4584 percipiet.
1064 4498 1106 4563 In
1137 4498 1232 4584 eujus
1263 4497 1311 4562 rei
1345 4498 1492 4564 testimo·

442 4600 536 4666 nium
559 4599 636 4666 huic
659 4601 779 4688 scripto
802 4601 947 4688 sigillum
970 4605 1119 4669 nostrum
1141 4600 1361 4688 apposuimus.
