3578 5808
456 870 521 934 100
708 887 907 940 naamam
930 887 1254 942 mannaanmausn

817 1153 897 1222 Otr.
922 1154 1155 1224 OOXXXVII.

461 1303 687 1393 Confirmatio
702 1305 860 1376 duarum
874 1329 1031 1403 surorum
1039 1309 1207 1398 filiarum
1237 1309 1380 1380 Gilberti
1402 1309 1509 1400 Peruy

799 1409 838 1476 de
863 1411 1012 1499 quodum
1038 1420 1149 1500 prato,

288 1579 445 1697 aaut„
502 1575 618 1644 aas
639 1581 817 1664 ww
832 1581 867 1644 s
889 1577 995 1644 aas
1010 1579 1099 1664 aad
1113 1599 1173 1646 110³
1189 1579 1361 1668 Marem
1384 1580 1508 1647 anua

289 1714 405 1766 esterno.
456 1685 492 1746 at
529 1681 685 1760 Oristina,
729 1701 855 1747 sorores
896 1685 931 1747 at
978 1681 1056 1748 filiae
1103 1682 1276 1768 Gyleberti
1315 1684 1358 1750 da
1395 1683 1507 1769 Perey,

456 1785 617 1862 dedimus,
648 1783 876 1866 concessimus,
914 1788 949 1849 et
978 1784 1041 1851 hae
1077 1788 1234 1872 praesenti
1272 1793 1365 1854 carta
1395 1793 1508 1853 nostra

454 1883 731 1962 confirmavimus,
769 1882 842 1949 Deo
873 1886 908 1948 et
945 1882 1089 1950 eeclesias
1128 1885 1224 1952 Beati
1262 1885 1431 1952 aldhelmi
1465 1887 1506 1952 de

455 1987 757 2065 malmesburius
788 1986 903 2052 abbati
925 1992 960 2053 et
989 1987 1159 2054 monaahis
1193 1988 1316 2054 ibidem
1347 1990 1419 2055 Deo
1441 2011 1507 2056 ser·

455 2091 633 2168 viantibus,
656 2089 693 2154 in
715 2088 862 2168 liberam,
877 2109 994 2175 puram
1017 2095 1052 2156 et
1075 2095 1267 2178 perpetuam
1289 2091 1507 2171 elemosinam,

457 2193 624 2279 quoddam
645 2196 779 2279 pratum
802 2191 839 2256 in
861 2193 1008 2258 manerio
1031 2193 1071 2258 de
1088 2192 1236 2276 Colerne,
1259 2195 1348 2281 quod
1370 2201 1508 2262 voantur

457 2295 629 2376 Holemrd,
650 2297 739 2362 inter
754 2300 889 2383 pratum
912 2296 1078 2381 quondam
1102 2297 1261 2364 Willelmi
1283 2297 1314 2364 la
1338 2298 1506 2379 SeneskaL

457 2406 491 2465 et
513 2405 647 2487 pratum
663 2399 800 2465 Robarti
816 2397 846 2464 la
862 2397 1095 2485 Frenkelayn:
1122 2399 1322 2466 Habendum
1344 2407 1379 2466 et
1393 2406 1507 2467 tenen-

287 2485 306 2538 f.
319 2489 399 2540 ²⁰¹⁶·
457 2504 536 2569 dum
558 2502 755 2589 pradictum
781 2505 915 2588 pratum
939 2501 1105 2588 praedietis
1128 2501 1243 2568 abbati
1272 2508 1307 2568 et
1328 2507 1507 2570 conventui

458 2614 492 2673 et
526 2629 638 2673 eorum
672 2605 920 2683 suecessoribus,
952 2605 1054 2671 libere
1089 2609 1124 2670 at
1158 2606 1278 2691 quiete,
1308 2607 1435 2694 integre
1473 2614 1507 2674 et

455 2711 597 2798 paciflua,
616 2709 692 2796 jure
714 2708 940 2775 elemosinario
963 2708 1214 2795 imperpetuum.
1261 2708 1316 2776 Ite
1338 2711 1426 2796 quod
1448 2731 1509 2778 nec

458 2837 525 2894 nos,
547 2836 609 2881 nee
630 2812 751 2898 aliquis
785 2811 945 2878 heredum
967 2816 1168 2890 nostrorum
1190 2811 1317 2898 aliquid
1344 2814 1430 2899 juris
1453 2814 1506 2879 vel

457 2918 568 2984 elamii
589 2918 626 2982 in
648 2915 806 3002 praedicto
829 2919 926 3002 prato
949 2915 1194 3002 imperpetuum
1216 2915 1311 2981 nobis
1333 2916 1506 2983 vendicare

455 3021 625 3109 possimus.
672 3017 718 3083 Et
739 3038 799 3084 nos
822 3021 857 3084 et
878 3017 1014 3084 heredes
1036 3017 1141 3084 nostri
1156 3015 1352 3105 preadictum
1375 3023 1507 3106 pratum

456 3121 626 3210 praedictis
659 3121 775 3188 abbati
797 3125 832 3186 et
854 3119 1036 3189 conventui
1068 3123 1237 3186 eteorum
1270 3120 1507 3188 sucessoribus

457 3231 573 3293 eontra
594 3247 707 3292 omnes
730 3223 886 3291 mortales
909 3224 1155 3311 imperpetuum
1178 3224 1476 3292 warantizabimus.

503 3330 548 3394 Et
569 3334 609 3394 ut
633 3327 705 3394 haee
726 3331 840 3394 nostra
864 3325 997 3392 donatio
1020 3332 1055 3393 et
1077 3327 1240 3394 concessio
1274 3326 1374 3394 robur
1396 3349 1509 3416 perpe·

458 3433 590 3498 tuitatis
613 3432 795 3518 optineant,
818 3429 904 3496 hanc
936 3435 1061 3496 cartam
1085 3430 1208 3496 eisdem
1238 3429 1353 3497 abbati
1375 3435 1410 3498 et
1431 3453 1506 3499 aon-

459 3535 576 3603 ventui
599 3533 735 3602 fecimus
758 3537 793 3600 et
814 3531 932 3620 sigillis
955 3532 1076 3599 nostris
1099 3531 1313 3620 signavimus.

795 3823 876 3892 CAP.
900 3823 1152 3894 CCXXXVIII.

527 4005 632 4076 Carta
666 4004 827 4074 thleunt
848 4003 890 4070 de
917 4003 1098 4072 Uuuuuilk
1113 4003 1212 4090 faeta
1234 4001 1392 4071 Jotauut
1417 4003 1457 4073 de

758 4108 968 4174 Tmmeaetes.
1007 4105 1217 4174 Btakaloade.

287 4283 430 4402 ssffiilgfd
490 4289 606 4356 suant
619 4291 796 4376 praesentas
811 4290 846 4354 et
859 4285 966 4352 futuri
981 4286 1070 4372 quod
1084 4307 1145 4372 ego
1160 4285 1346 4353 Willelmus
1361 4287 1402 4354 de
1415 4287 1509 4354 Cam·

320 4367 370 4402 ⁸⁶
395 4368 536 4458 11'villa
558 4389 644 4470 dedi,
666 4389 818 4468 consessi,
842 4393 877 4456 et
902 4388 966 4456 hae
998 4389 1156 4477 praesenti
1191 4395 1284 4456 aarta
1306 4389 1509 4468 aonfirmavi,

458 4493 606 4561 Johanni
638 4493 678 4558 de
701 4492 912 4572 Treminetea,
935 4513 996 4580 pro
1026 4491 1181 4580 homagio
1213 4496 1248 4558 et
1270 4493 1410 4561 servicio
1442 4515 1509 4573 suo,

459 4603 567 4664 totam
603 4601 723 4663 terram
757 4616 863 4662 meam
902 4617 977 4662 eum
1020 4596 1157 4683 capitali
1203 4598 1372 4684 mesuagio
1409 4619 1508 4684 quam

458 4699 561 4766 habui
593 4699 629 4763 in
651 4698 864 4775 Blakelande‚
887 4698 924 4763 in
946 4699 1117 4776 dominico,
1140 4699 1177 4764 in
1198 4697 1378 4786 villenagio
1410 4704 1446 4765 et
1474 4701 1510 4764 in

455 4803 560 4881 bosea,
584 4802 620 4867 in
651 4801 764 4887 pratis,
787 4801 824 4865 in
856 4800 1018 4890 paaehuis
1045 4801 1082 4866 in
1104 4801 1169 4868 viis
1192 4805 1228 4868 et
1249 4802 1385 4883 semitis,
1408 4807 1444 4870 at
1473 4803 1509 4872 in
