<?xml version="1.0" encoding="UTF-8"?>
<!DOCTYPE html PUBLIC "-//W3C//DTD XHTML 1.0 Transitional//EN"
    "http://www.w3.org/TR/xhtml1/DTD/xhtml1-transitional.dtd">
<html xmlns="http://www.w3.org/1999/xhtml" xml:lang="en" lang="en">
 <head>
  <title>
</title>
<meta http-equiv="Content-Type" content="text/html;charset=utf-8" />
  <meta name='ocr-system' content='tesseract 3.04.00' />
  <meta name='ocr-capabilities' content='ocr_page ocr_carea ocr_par ocr_line ocrx_word'/>
</head>
<body>
  <div class='ocr_page' id='page_1' title='image "./registrummalmes00martgoog_0161.png"; bbox 0 0 3578 5808; ppageno 0'>
   <div class='ocr_carea' id='block_1_1' title="bbox 521 891 1324 958">
    <p class='ocr_par' dir='ltr' id='par_1_1' title="bbox 521 891 1324 958">
     <span class='ocr_line' id='line_1_1' title="bbox 521 891 1324 958; baseline -0.002 -2"><span class='ocrx_word' id='word_1_1' title='bbox 521 903 720 957; x_wconf 79' lang='lat' dir='ltr'><strong>umrsruuu</strong></span> <span class='ocrx_word' id='word_1_2' title='bbox 742 903 1069 956; x_wconf 78' lang='lat' dir='ltr'><strong>umusssuursusu.</strong></span> <span class='ocrx_word' id='word_1_3' title='bbox 1255 951 1257 958; x_wconf 89' lang='grc'><strong>,</strong></span> <span class='ocrx_word' id='word_1_4' title='bbox 1282 891 1324 954; x_wconf 83' lang='grc'><strong>65</strong></span> 
     </span>
    </p>
   </div>
   <div class='ocr_carea' id='block_1_2' title="bbox 271 1093 1427 2516">
    <p class='ocr_par' dir='ltr' id='par_1_2' title="bbox 271 1093 1427 2516">
     <span class='ocr_line' id='line_1_2' title="bbox 271 1093 1328 1184; baseline -0.006 -20"><span class='ocrx_word' id='word_1_5' title='bbox 271 1096 558 1183; x_wconf 68' lang='lat' dir='ltr'><strong>disputationibus,</strong></span> <span class='ocrx_word' id='word_1_6' title='bbox 581 1096 814 1184; x_wconf 77' lang='lat' dir='ltr'><strong>perpendimus</strong></span> <span class='ocrx_word' id='word_1_7' title='bbox 836 1096 977 1161; x_wconf 88' lang='lat' dir='ltr'><strong>eundem</strong></span> <span class='ocrx_word' id='word_1_8' title='bbox 1000 1093 1252 1182; x_wconf 89' lang='lat' dir='ltr'><strong>inprobatione</strong></span> <span class='ocrx_word' id='word_1_9' title='bbox 1278 1093 1328 1159; x_wconf 90' lang='lat' dir='ltr'><strong>in-</strong></span> 
     </span>
     <span class='ocr_line' id='line_1_3' title="bbox 271 1197 1327 1285; baseline -0.003 -19"><span class='ocrx_word' id='word_1_10' title='bbox 271 1199 428 1266; x_wconf 88' lang='lat' dir='ltr'><strong>tentionis</strong></span> <span class='ocrx_word' id='word_1_11' title='bbox 452 1221 519 1267; x_wconf 82' lang='lat' dir='ltr'><strong>suae</strong></span> <span class='ocrx_word' id='word_1_12' title='bbox 542 1198 706 1268; x_wconf 82' lang='lat' dir='ltr'><strong>defecisse.</strong></span> <span class='ocrx_word' id='word_1_13' title='bbox 752 1199 851 1266; x_wconf 85' lang='lat' dir='ltr'><strong>Unde</strong></span> <span class='ocrx_word' id='word_1_14' title='bbox 866 1198 975 1265; x_wconf 90' lang='lat' dir='ltr'><strong>Deum</strong></span> <span class='ocrx_word' id='word_1_15' title='bbox 990 1197 1150 1265; x_wconf 89' lang='lat' dir='ltr'><strong>habentes</strong></span> <span class='ocrx_word' id='word_1_16' title='bbox 1165 1219 1233 1285; x_wconf 82' lang='lat' dir='ltr'><strong>pree</strong></span> <span class='ocrx_word' id='word_1_17' title='bbox 1251 1219 1327 1264; x_wconf 74' lang='lat' dir='ltr'><strong>ocu-</strong></span> 
     </span>
     <span class='ocr_line' id='line_1_4' title="bbox 271 1303 1326 1391; baseline -0.005 -22"><span class='ocrx_word' id='word_1_18' title='bbox 271 1305 319 1381; x_wconf 87' lang='lat' dir='ltr'><strong>lis,</strong></span> <span class='ocrx_word' id='word_1_19' title='bbox 342 1305 473 1370; x_wconf 87' lang='lat' dir='ltr'><strong>eosdem</strong></span> <span class='ocrx_word' id='word_1_20' title='bbox 496 1304 538 1370; x_wconf 82' lang='lat' dir='ltr'><strong>ab</strong></span> <span class='ocrx_word' id='word_1_21' title='bbox 560 1303 767 1391; x_wconf 74' lang='lat' dir='ltr'><strong>impetitione</strong></span> <span class='ocrx_word' id='word_1_22' title='bbox 800 1307 916 1369; x_wconf 89' lang='lat' dir='ltr'><strong>suaet</strong></span> <span class='ocrx_word' id='word_1_23' title='bbox 939 1323 1159 1370; x_wconf 88' lang='lat' dir='ltr'><strong>successorum</strong></span> <span class='ocrx_word' id='word_1_24' title='bbox 1194 1323 1326 1366; x_wconf 89' lang='lat' dir='ltr'><strong>suorum</strong></span> 
     </span>
     <span class='ocr_line' id='line_1_5' title="bbox 272 1403 1325 1493; baseline -0.004 -21"><span class='ocrx_word' id='word_1_25' title='bbox 272 1427 368 1493; x_wconf 89' lang='lat' dir='ltr'><strong>super</strong></span> <span class='ocrx_word' id='word_1_26' title='bbox 399 1406 465 1472; x_wconf 90' lang='lat' dir='ltr'><strong>hiis</strong></span> <span class='ocrx_word' id='word_1_27' title='bbox 503 1404 654 1472; x_wconf 89' lang='lat' dir='ltr'><strong>omnibus</strong></span> <span class='ocrx_word' id='word_1_28' title='bbox 684 1410 881 1493; x_wconf 88' lang='lat' dir='ltr'><strong>perpetuum</strong></span> <span class='ocrx_word' id='word_1_29' title='bbox 913 1406 1112 1492; x_wconf 87' lang='lat' dir='ltr'><strong>imponendo</strong></span> <span class='ocrx_word' id='word_1_30' title='bbox 1145 1403 1325 1483; x_wconf 89' lang='lat' dir='ltr'><strong>silencium,</strong></span> 
     </span>
     <span class='ocr_line' id='line_1_6' title="bbox 272 1505 1326 1594; baseline -0.001 -22"><span class='ocrx_word' id='word_1_31' title='bbox 272 1509 309 1572; x_wconf 90' lang='lat' dir='ltr'><strong>in</strong></span> <span class='ocrx_word' id='word_1_32' title='bbox 340 1509 473 1576; x_wconf 88' lang='lat' dir='ltr'><strong>nomine</strong></span> <span class='ocrx_word' id='word_1_33' title='bbox 507 1507 615 1574; x_wconf 86' lang='lat' dir='ltr'><strong>Patris</strong></span> <span class='ocrx_word' id='word_1_34' title='bbox 652 1512 687 1573; x_wconf 91' lang='lat' dir='ltr'><strong>et</strong></span> <span class='ocrx_word' id='word_1_35' title='bbox 722 1505 801 1572; x_wconf 90' lang='lat' dir='ltr'><strong>Filii</strong></span> <span class='ocrx_word' id='word_1_36' title='bbox 839 1511 874 1572; x_wconf 91' lang='lat' dir='ltr'><strong>et</strong></span> <span class='ocrx_word' id='word_1_37' title='bbox 911 1506 1056 1594; x_wconf 81' lang='lat' dir='ltr'><strong>Spiritus</strong></span> <span class='ocrx_word' id='word_1_38' title='bbox 1094 1505 1208 1574; x_wconf 79' lang='lat' dir='ltr'><strong>Sancti</strong></span> <span class='ocrx_word' id='word_1_39' title='bbox 1254 1527 1326 1572; x_wconf 89' lang='lat' dir='ltr'><strong>sen·</strong></span> 
     </span>
     <span class='ocr_line' id='line_1_7' title="bbox 272 1609 1427 1696; baseline -0.003 -19"><span class='ocrx_word' id='word_1_40' title='bbox 272 1611 457 1678; x_wconf 85' lang='lat' dir='ltr'><strong>tenciaiiter</strong></span> <span class='ocrx_word' id='word_1_41' title='bbox 484 1611 694 1678; x_wconf 78' lang='lat' dir='ltr'><strong>absolvimus.</strong></span> <span class='ocrx_word' id='word_1_42' title='bbox 741 1609 955 1677; x_wconf 90' lang='lat' dir='ltr'><strong>Decrevimus</strong></span> <span class='ocrx_word' id='word_1_43' title='bbox 982 1610 1082 1675; x_wconf 87' lang='lat' dir='ltr'><strong>etiam</strong></span> <span class='ocrx_word' id='word_1_44' title='bbox 1113 1609 1326 1696; x_wconf 85' lang='lat' dir='ltr'><strong>saepedictum</strong></span> <span class='ocrx_word' id='word_1_45' title='bbox 1339 1611 1357 1663; x_wconf 85' lang='lat' dir='ltr'><strong>f.</strong></span> <span class='ocrx_word' id='word_1_46' title='bbox 1370 1617 1427 1662; x_wconf 81' lang='lat'>20⁰·</span> 
     </span>
     <span class='ocr_line' id='line_1_8' title="bbox 272 1710 1326 1796; baseline -0.001 -18"><span class='ocrx_word' id='word_1_47' title='bbox 272 1712 303 1778; x_wconf 85' lang='lat' dir='ltr'><strong>J.</strong></span> <span class='ocrx_word' id='word_1_48' title='bbox 319 1714 361 1779; x_wconf 89' lang='lat' dir='ltr'><strong>de</strong></span> <span class='ocrx_word' id='word_1_49' title='bbox 376 1713 556 1780; x_wconf 84' lang='lat' dir='ltr'><strong>Abendone</strong></span> <span class='ocrx_word' id='word_1_50' title='bbox 571 1731 640 1778; x_wconf 87' lang='lat' dir='ltr'><strong>esse</strong></span> <span class='ocrx_word' id='word_1_51' title='bbox 657 1717 817 1778; x_wconf 85' lang='lat' dir='ltr'><strong>rectorem</strong></span> <span class='ocrx_word' id='word_1_52' title='bbox 840 1711 983 1778; x_wconf 86' lang='lat' dir='ltr'><strong>ecclesiae</strong></span> <span class='ocrx_word' id='word_1_53' title='bbox 1000 1711 1040 1776; x_wconf 91' lang='lat' dir='ltr'><strong>de</strong></span> <span class='ocrx_word' id='word_1_54' title='bbox 1064 1710 1326 1796; x_wconf 83' lang='lat' dir='ltr'><strong>Cred[dewelle],</strong></span> 
     </span>
     <span class='ocr_line' id='line_1_9' title="bbox 273 1814 1327 1903; baseline -0.004 -21"><span class='ocrx_word' id='word_1_55' title='bbox 273 1816 366 1902; x_wconf 89' lang='lat' dir='ltr'><strong>cujus</strong></span> <span class='ocrx_word' id='word_1_56' title='bbox 388 1817 530 1882; x_wconf 70' lang='lat' dir='ltr'><strong>ecclesia</strong></span> <span class='ocrx_word' id='word_1_57' title='bbox 552 1820 765 1903; x_wconf 87' lang='lat' dir='ltr'><strong>personatum</strong></span> <span class='ocrx_word' id='word_1_58' title='bbox 789 1814 894 1881; x_wconf 88' lang='lat' dir='ltr'><strong>eidem</strong></span> <span class='ocrx_word' id='word_1_59' title='bbox 916 1815 940 1879; x_wconf 86' lang='lat' dir='ltr'><strong>J</strong></span> <span class='ocrx_word' id='word_1_60' title='bbox 942 1867 958 1894; x_wconf 92' lang='lat'><strong>.,</strong></span> <span class='ocrx_word' id='word_1_61' title='bbox 973 1815 1155 1881; x_wconf 89' lang='lat' dir='ltr'><strong>secundum</strong></span> <span class='ocrx_word' id='word_1_62' title='bbox 1179 1814 1267 1901; x_wconf 92' lang='lat' dir='ltr'><strong>quod</strong></span> <span class='ocrx_word' id='word_1_63' title='bbox 1290 1815 1327 1878; x_wconf 93' lang='lat' dir='ltr'><strong>in</strong></span> 
     </span>
     <span class='ocr_line' id='line_1_10' title="bbox 274 1915 1327 2005; baseline -0.004 -21"><span class='ocrx_word' id='word_1_64' title='bbox 274 1923 365 1984; x_wconf 81' lang='lat' dir='ltr'><strong>carte</strong></span> <span class='ocrx_word' id='word_1_65' title='bbox 402 1919 599 1985; x_wconf 83' lang='lat' dir='ltr'><strong>venerabilis</strong></span> <span class='ocrx_word' id='word_1_66' title='bbox 633 1917 737 2005; x_wconf 86' lang='lat' dir='ltr'><strong>patris</strong></span> <span class='ocrx_word' id='word_1_67' title='bbox 775 1917 814 1982; x_wconf 82' lang='lat' dir='ltr'><strong>R.</strong></span> <span class='ocrx_word' id='word_1_68' title='bbox 853 1917 1020 2003; x_wconf 86' lang='lat' dir='ltr'><strong>quondam</strong></span> <span class='ocrx_word' id='word_1_69' title='bbox 1054 1915 1140 1982; x_wconf 82' lang='lat' dir='ltr'><strong>Sarr’</strong></span> <span class='ocrx_word' id='word_1_70' title='bbox 1176 1917 1327 2002; x_wconf 89' lang='lat' dir='ltr'><strong>episcopi,</strong></span> 
     </span>
     <span class='ocr_line' id='line_1_11' title="bbox 274 2018 1328 2108; baseline -0.002 -22"><span class='ocrx_word' id='word_1_71' title='bbox 274 2026 309 2086; x_wconf 88' lang='lat' dir='ltr'><strong>et</strong></span> <span class='ocrx_word' id='word_1_72' title='bbox 341 2021 487 2107; x_wconf 88' lang='lat' dir='ltr'><strong>ejusdem</strong></span> <span class='ocrx_word' id='word_1_73' title='bbox 524 2021 587 2086; x_wconf 93' lang='lat' dir='ltr'><strong>loci</strong></span> <span class='ocrx_word' id='word_1_74' title='bbox 624 2021 770 2108; x_wconf 73' lang='lat' dir='ltr'><strong>capituli,</strong></span> <span class='ocrx_word' id='word_1_75' title='bbox 808 2020 1007 2086; x_wconf 83' lang='lat' dir='ltr'><strong>auctoritate</strong></span> <span class='ocrx_word' id='word_1_76' title='bbox 1045 2018 1224 2106; x_wconf 85' lang='lat' dir='ltr'><strong>apostolica</strong></span> <span class='ocrx_word' id='word_1_77' title='bbox 1261 2041 1328 2104; x_wconf 91' lang='lat' dir='ltr'><strong>qua</strong></span> 
     </span>
     <span class='ocr_line' id='line_1_12' title="bbox 273 2120 1328 2208; baseline -0.003 -21"><span class='ocrx_word' id='word_1_78' title='bbox 273 2121 450 2208; x_wconf 85' lang='lat' dir='ltr'><strong>fungimur,</strong></span> <span class='ocrx_word' id='word_1_79' title='bbox 474 2123 709 2190; x_wconf 85' lang='lat' dir='ltr'><strong>confirmamus.</strong></span> <span class='ocrx_word' id='word_1_80' title='bbox 756 2121 807 2187; x_wconf 89' lang='lat' dir='ltr'><strong>Ut</strong></span> <span class='ocrx_word' id='word_1_81' title='bbox 836 2125 949 2187; x_wconf 86' lang='lat' dir='ltr'><strong>autem</strong></span> <span class='ocrx_word' id='word_1_82' title='bbox 971 2120 1042 2187; x_wconf 86' lang='lat' dir='ltr'><strong>haec</strong></span> <span class='ocrx_word' id='word_1_83' title='bbox 1064 2121 1176 2187; x_wconf 89' lang='lat' dir='ltr'><strong>omnia</strong></span> <span class='ocrx_word' id='word_1_84' title='bbox 1198 2124 1271 2185; x_wconf 87' lang='lat' dir='ltr'><strong>rata</strong></span> <span class='ocrx_word' id='word_1_85' title='bbox 1294 2125 1328 2186; x_wconf 89' lang='lat' dir='ltr'><strong>et</strong></span> 
     </span>
     <span class='ocr_line' id='line_1_13' title="bbox 274 2225 1328 2312; baseline -0.001 -24"><span class='ocrx_word' id='word_1_86' title='bbox 274 2226 465 2292; x_wconf 85' lang='lat' dir='ltr'><strong>inconcusse</strong></span> <span class='ocrx_word' id='word_1_87' title='bbox 502 2230 725 2312; x_wconf 86' lang='lat' dir='ltr'><strong>permaneant,</strong></span> <span class='ocrx_word' id='word_1_88' title='bbox 758 2225 941 2312; x_wconf 84' lang='lat' dir='ltr'><strong>sigillorum</strong></span> <span class='ocrx_word' id='word_1_89' title='bbox 979 2228 1167 2290; x_wconf 90' lang='lat' dir='ltr'><strong>nostrorum</strong></span> <span class='ocrx_word' id='word_1_90' title='bbox 1205 2245 1328 2310; x_wconf 89' lang='lat' dir='ltr'><strong>appen-</strong></span> 
     </span>
     <span class='ocr_line' id='line_1_14' title="bbox 274 2325 1328 2412; baseline 0 -22"><span class='ocrx_word' id='word_1_91' title='bbox 274 2327 421 2392; x_wconf 87' lang='lat' dir='ltr'><strong>sionibus</strong></span> <span class='ocrx_word' id='word_1_92' title='bbox 454 2349 493 2393; x_wconf 88' lang='lat' dir='ltr'><strong>ea</strong></span> <span class='ocrx_word' id='word_1_93' title='bbox 526 2327 773 2403; x_wconf 87' lang='lat' dir='ltr'><strong>communimus,</strong></span> <span class='ocrx_word' id='word_1_94' title='bbox 809 2326 950 2392; x_wconf 85' lang='lat' dir='ltr'><strong>testibus</strong></span> <span class='ocrx_word' id='word_1_95' title='bbox 988 2327 1083 2392; x_wconf 88' lang='lat' dir='ltr'><strong>nobis</strong></span> <span class='ocrx_word' id='word_1_96' title='bbox 1121 2327 1201 2412; x_wconf 89' lang='lat' dir='ltr'><strong>ipsis</strong></span> <span class='ocrx_word' id='word_1_97' title='bbox 1239 2325 1328 2412; x_wconf 88' lang='lat' dir='ltr'><strong>apud</strong></span> 
     </span>
     <span class='ocr_line' id='line_1_15' title="bbox 274 2428 1237 2516; baseline -0.008 -16"><span class='ocrx_word' id='word_1_98' title='bbox 274 2429 442 2500; x_wconf 84' lang='lat' dir='ltr'><strong>ecclesiam</strong></span> <span class='ocrx_word' id='word_1_99' title='bbox 465 2431 506 2496; x_wconf 92' lang='lat' dir='ltr'><strong>de</strong></span> <span class='ocrx_word' id='word_1_100' title='bbox 529 2428 802 2507; x_wconf 74' lang='lat' dir='ltr'><strong>Cristemeleiord</strong></span> <span class='ocrx_word' id='word_1_101' title='bbox 825 2449 912 2495; x_wconf 87' lang='lat' dir='ltr'><strong>anno</strong></span> <span class='ocrx_word' id='word_1_102' title='bbox 934 2429 1051 2516; x_wconf 83' lang='lat' dir='ltr'><strong>gratiae</strong></span> <span class='ocrx_word' id='word_1_103' title='bbox 1074 2428 1237 2496; x_wconf 76' lang='lat' dir='ltr'><strong>mccxxxi.</strong></span> 
     </span>
    </p>
   </div>
   <div class='ocr_carea' id='block_1_3' title="bbox 390 2669 1270 2926">
    <p class='ocr_par' dir='ltr' id='par_1_3' title="bbox 390 2669 1270 2926">
     <span class='ocr_line' id='line_1_16' title="bbox 687 2669 911 2738; baseline 0 0"><span class='ocrx_word' id='word_1_104' title='bbox 687 2669 767 2738; x_wconf 68' lang='lat' dir='ltr'><strong>Cir.</strong></span> <span class='ocrx_word' id='word_1_105' title='bbox 793 2669 911 2738; x_wconf 79' lang='lat' dir='ltr'>CCIX.</span> 
     </span>
     <span class='ocr_line' id='line_1_17' title="bbox 390 2835 1270 2926; baseline -0.001 -21"><span class='ocrx_word' id='word_1_106' title='bbox 390 2837 614 2926; x_wconf 73' lang='lat' dir='ltr'><strong>Confirmatio</strong></span> <span class='ocrx_word' id='word_1_107' title='bbox 636 2856 739 2924; x_wconf 70' lang='lat' dir='ltr'><strong>cuper</strong></span> <span class='ocrx_word' id='word_1_108' title='bbox 761 2835 903 2904; x_wconf 69' lang='lat' dir='ltr'><strong>derbem</strong></span> <span class='ocrx_word' id='word_1_109' title='bbox 925 2837 966 2903; x_wconf 84' lang='lat' dir='ltr'><strong>dc</strong></span> <span class='ocrx_word' id='word_1_110' title='bbox 987 2835 1084 2904; x_wconf 82' lang='lat' dir='ltr'><strong>Novo</strong></span> <span class='ocrx_word' id='word_1_111' title='bbox 1111 2835 1213 2905; x_wconf 79' lang='lat' dir='ltr'><strong>Villo.</strong></span> <span class='ocrx_word' id='word_1_112' title='bbox 1268 2885 1270 2890; x_wconf 82' lang='lat'><em>.</em></span> 
     </span>
    </p>
   </div>
   <div class='ocr_carea' id='block_1_4' title="bbox 269 2965 1499 4806">
    <p class='ocr_par' dir='ltr' id='par_1_4' title="bbox 269 2965 1499 4806">
     <span class='ocr_line' id='line_1_18' title="bbox 322 2965 1486 3066; baseline -0.007 -20"><span class='ocrx_word' id='word_1_113' title='bbox 322 2979 496 3046; x_wconf 90' lang='lat' dir='ltr'><strong>Universis</strong></span> <span class='ocrx_word' id='word_1_114' title='bbox 520 2977 645 3045; x_wconf 81' lang='lat' dir='ltr'><strong>Christi</strong></span> <span class='ocrx_word' id='word_1_115' title='bbox 668 2978 821 3044; x_wconf 87' lang='lat' dir='ltr'><strong>fidelibus</strong></span> <span class='ocrx_word' id='word_1_116' title='bbox 843 2983 1039 3066; x_wconf 83' lang='lat' dir='ltr'><strong>praesentem</strong></span> <span class='ocrx_word' id='word_1_117' title='bbox 1062 2986 1187 3047; x_wconf 86' lang='lat' dir='ltr'><strong>cartam</strong></span> <span class='ocrx_word' id='word_1_118' title='bbox 1210 2965 1332 3046; x_wconf 84' lang='lat' dir='ltr'><strong>visruis</strong></span> <span class='ocrx_word' id='word_1_119' title='bbox 1345 2989 1486 3042; x_wconf 75' lang='lat' dir='ltr'><strong>Confirma-</strong></span> 
     </span>
     <span class='ocr_line' id='line_1_19' title="bbox 277 3056 1490 3173; baseline 0.002 -25"><span class='ocrx_word' id='word_1_120' title='bbox 277 3083 332 3149; x_wconf 87' lang='lat' dir='ltr'><strong>vel</strong></span> <span class='ocrx_word' id='word_1_121' title='bbox 348 3083 519 3160; x_wconf 82' lang='lat' dir='ltr'><strong>audituris,</strong></span> <span class='ocrx_word' id='word_1_122' title='bbox 536 3081 573 3148; x_wconf 88' lang='lat' dir='ltr'><strong>E.</strong></span> <span class='ocrx_word' id='word_1_123' title='bbox 590 3081 706 3148; x_wconf 83' lang='lat' dir='ltr'><strong>divina</strong></span> <span class='ocrx_word' id='word_1_124' title='bbox 721 3081 930 3148; x_wconf 87' lang='lat' dir='ltr'><strong>miseratione</strong></span> <span class='ocrx_word' id='word_1_125' title='bbox 946 3082 1171 3148; x_wconf 88' lang='lat' dir='ltr'><strong>Landavensis</strong></span> <span class='ocrx_word' id='word_1_126' title='bbox 1189 3084 1332 3150; x_wconf 79' lang='lat' dir='ltr'><strong>ecclesiae</strong></span> <span class='ocrx_word' id='word_1_127' title='bbox 1344 3056 1490 3173; x_wconf 58' lang='lat' dir='ltr'><strong>pppepsotfhe</strong></span> 
     </span>
     <span class='ocr_line' id='line_1_20' title="bbox 277 3183 1499 3271; baseline 0 -20"><span class='ocrx_word' id='word_1_128' title='bbox 277 3186 429 3251; x_wconf 80' lang='lat' dir='ltr'><strong>minister</strong></span> <span class='ocrx_word' id='word_1_129' title='bbox 463 3185 608 3262; x_wconf 91' lang='lat' dir='ltr'><strong>humilis,</strong></span> <span class='ocrx_word' id='word_1_130' title='bbox 632 3183 782 3261; x_wconf 87' lang='lat' dir='ltr'><strong>salutem,</strong></span> <span class='ocrx_word' id='word_1_131' title='bbox 816 3185 959 3271; x_wconf 84' lang='lat' dir='ltr'><strong>gratiam</strong></span> <span class='ocrx_word' id='word_1_132' title='bbox 994 3192 1028 3250; x_wconf 90' lang='lat' dir='ltr'><strong>et</strong></span> <span class='ocrx_word' id='word_1_133' title='bbox 1059 3186 1333 3254; x_wconf 80' lang='lat' dir='ltr'><strong>benedictionem.</strong></span> <span class='ocrx_word' id='word_1_134' title='bbox 1346 3190 1499 3242; x_wconf 64' lang='lat' dir='ltr'><strong>convica.</strong></span> 
     </span>
     <span class='ocr_line' id='line_1_21' title="bbox 277 3286 1333 3376; baseline 0 -21"><span class='ocrx_word' id='word_1_135' title='bbox 277 3289 331 3355; x_wconf 93' lang='lat' dir='ltr'><strong>Pii</strong></span> <span class='ocrx_word' id='word_1_136' title='bbox 355 3288 495 3376; x_wconf 85' lang='lat' dir='ltr'><strong>pastoris</strong></span> <span class='ocrx_word' id='word_1_137' title='bbox 517 3286 773 3353; x_wconf 86' lang='lat' dir='ltr'><strong>sollicitudinem</strong></span> <span class='ocrx_word' id='word_1_138' title='bbox 788 3288 923 3375; x_wconf 90' lang='lat' dir='ltr'><strong>respicit</strong></span> <span class='ocrx_word' id='word_1_139' title='bbox 938 3289 1116 3374; x_wconf 92' lang='lat' dir='ltr'><strong>unicuique</strong></span> <span class='ocrx_word' id='word_1_140' title='bbox 1133 3293 1167 3354; x_wconf 92' lang='lat' dir='ltr'><strong>ct</strong></span> <span class='ocrx_word' id='word_1_141' title='bbox 1189 3291 1333 3355; x_wconf 88' lang='lat' dir='ltr'><strong>maxime</strong></span> 
     </span>
     <span class='ocr_line' id='line_1_22' title="bbox 278 3389 1332 3477; baseline 0 -21"><span class='ocrx_word' id='word_1_142' title='bbox 278 3393 362 3456; x_wconf 84' lang='lat' dir='ltr'><strong>viris</strong></span> <span class='ocrx_word' id='word_1_143' title='bbox 384 3391 553 3477; x_wconf 85' lang='lat' dir='ltr'><strong>religiosis,</strong></span> <span class='ocrx_word' id='word_1_144' title='bbox 569 3389 658 3476; x_wconf 91' lang='lat' dir='ltr'><strong>quod</strong></span> <span class='ocrx_word' id='word_1_145' title='bbox 680 3411 776 3455; x_wconf 89' lang='lat' dir='ltr'><strong>suum</strong></span> <span class='ocrx_word' id='word_1_146' title='bbox 801 3395 850 3455; x_wconf 87' lang='lat' dir='ltr'><strong>cst</strong></span> <span class='ocrx_word' id='word_1_147' title='bbox 872 3397 1011 3476; x_wconf 88' lang='lat' dir='ltr'><strong>paterna</strong></span> <span class='ocrx_word' id='word_1_148' title='bbox 1033 3393 1234 3477; x_wconf 86' lang='lat' dir='ltr'><strong>protectione</strong></span> <span class='ocrx_word' id='word_1_149' title='bbox 1257 3415 1332 3459; x_wconf 92' lang='lat' dir='ltr'><strong>con-</strong></span> 
     </span>
     <span class='ocr_line' id='line_1_23' title="bbox 277 3493 1335 3578; baseline -0.001 -19"><span class='ocrx_word' id='word_1_150' title='bbox 277 3516 419 3572; x_wconf 87' lang='lat' dir='ltr'><strong>servare,</strong></span> <span class='ocrx_word' id='word_1_151' title='bbox 443 3499 477 3558; x_wconf 91' lang='lat' dir='ltr'><strong>et</strong></span> <span class='ocrx_word' id='word_1_152' title='bbox 498 3514 540 3557; x_wconf 88' lang='lat' dir='ltr'><strong>ne</strong></span> <span class='ocrx_word' id='word_1_153' title='bbox 564 3493 724 3558; x_wconf 89' lang='lat' dir='ltr'><strong>bonorum</strong></span> <span class='ocrx_word' id='word_1_154' title='bbox 747 3514 880 3558; x_wconf 88' lang='lat' dir='ltr'><strong>suorum</strong></span> <span class='ocrx_word' id='word_1_155' title='bbox 907 3493 1073 3578; x_wconf 86' lang='lat' dir='ltr'><strong>jacturam</strong></span> <span class='ocrx_word' id='word_1_156' title='bbox 1097 3495 1167 3560; x_wconf 89' lang='lat' dir='ltr'><strong>sive</strong></span> <span class='ocrx_word' id='word_1_157' title='bbox 1190 3496 1335 3561; x_wconf 88' lang='lat' dir='ltr'><strong>diminu-</strong></span> 
     </span>
     <span class='ocr_line' id='line_1_24' title="bbox 278 3593 1335 3680; baseline -0.001 -19"><span class='ocrx_word' id='word_1_158' title='bbox 278 3597 405 3662; x_wconf 88' lang='lat' dir='ltr'><strong>tionem</strong></span> <span class='ocrx_word' id='word_1_159' title='bbox 429 3595 624 3671; x_wconf 86' lang='lat' dir='ltr'><strong>sustineant,</strong></span> <span class='ocrx_word' id='word_1_160' title='bbox 640 3593 816 3680; x_wconf 86' lang='lat' dir='ltr'><strong>diligenter</strong></span> <span class='ocrx_word' id='word_1_161' title='bbox 838 3615 1017 3679; x_wconf 88' lang='lat' dir='ltr'><strong>procurare.</strong></span> <span class='ocrx_word' id='word_1_162' title='bbox 1063 3596 1119 3661; x_wconf 86' lang='lat' dir='ltr'><strong>Ad</strong></span> <span class='ocrx_word' id='word_1_163' title='bbox 1138 3597 1335 3663; x_wconf 85' lang='lat' dir='ltr'><strong>instanciam</strong></span> 
     </span>
     <span class='ocr_line' id='line_1_25' title="bbox 277 3697 1335 3786; baseline 0 -24"><span class='ocrx_word' id='word_1_164' title='bbox 277 3699 386 3786; x_wconf 88' lang='lat' dir='ltr'><strong>igitur</strong></span> <span class='ocrx_word' id='word_1_165' title='bbox 420 3703 455 3762; x_wconf 90' lang='lat' dir='ltr'><strong>et</strong></span> <span class='ocrx_word' id='word_1_166' title='bbox 489 3697 684 3782; x_wconf 89' lang='lat' dir='ltr'><strong>petitionem</strong></span> <span class='ocrx_word' id='word_1_167' title='bbox 719 3697 866 3761; x_wconf 90' lang='lat' dir='ltr'><strong>virorum</strong></span> <span class='ocrx_word' id='word_1_168' title='bbox 899 3698 1138 3763; x_wconf 84' lang='lat' dir='ltr'><strong>venerabilium</strong></span> <span class='ocrx_word' id='word_1_169' title='bbox 1172 3699 1335 3764; x_wconf 87' lang='lat' dir='ltr'><strong>Johannis</strong></span> 
     </span>
     <span class='ocr_line' id='line_1_26' title="bbox 277 3798 1336 3887; baseline 0 -21"><span class='ocrx_word' id='word_1_170' title='bbox 277 3802 346 3866; x_wconf 88' lang='lat' dir='ltr'><strong>Dei</strong></span> <span class='ocrx_word' id='word_1_171' title='bbox 370 3801 480 3886; x_wconf 80' lang='lat' dir='ltr'><strong>gratia</strong></span> <span class='ocrx_word' id='word_1_172' title='bbox 503 3799 635 3864; x_wconf 89' lang='lat' dir='ltr'><strong>abbatis</strong></span> <span class='ocrx_word' id='word_1_173' title='bbox 658 3798 910 3877; x_wconf 83' lang='lat' dir='ltr'><strong>Mslmesburise,</strong></span> <span class='ocrx_word' id='word_1_174' title='bbox 934 3805 968 3865; x_wconf 91' lang='lat' dir='ltr'><strong>et</strong></span> <span class='ocrx_word' id='word_1_175' title='bbox 993 3801 1139 3887; x_wconf 88' lang='lat' dir='ltr'><strong>ejusdem</strong></span> <span class='ocrx_word' id='word_1_176' title='bbox 1163 3801 1225 3868; x_wconf 91' lang='lat' dir='ltr'><strong>loci</strong></span> <span class='ocrx_word' id='word_1_177' title='bbox 1259 3825 1336 3868; x_wconf 93' lang='lat' dir='ltr'><strong>con-</strong></span> 
     </span>
     <span class='ocr_line' id='line_1_27' title="bbox 275 3899 1337 3984; baseline -0.001 -14"><span class='ocrx_word' id='word_1_178' title='bbox 275 3909 413 3980; x_wconf 87' lang='lat' dir='ltr'><strong>ventus,</strong></span> <span class='ocrx_word' id='word_1_179' title='bbox 436 3907 542 3967; x_wconf 85' lang='lat' dir='ltr'><strong>certas</strong></span> <span class='ocrx_word' id='word_1_180' title='bbox 565 3900 631 3966; x_wconf 82' lang='lat' dir='ltr'><strong>viri</strong></span> <span class='ocrx_word' id='word_1_181' title='bbox 654 3901 792 3966; x_wconf 88' lang='lat' dir='ltr'><strong>illustris</strong></span> <span class='ocrx_word' id='word_1_182' title='bbox 816 3899 977 3967; x_wconf 83' lang='lat' dir='ltr'><strong>Huniiidi</strong></span> <span class='ocrx_word' id='word_1_183' title='bbox 1007 3903 1048 3969; x_wconf 92' lang='lat' dir='ltr'><strong>de</strong></span> <span class='ocrx_word' id='word_1_184' title='bbox 1079 3905 1183 3984; x_wconf 91' lang='lat' dir='ltr'><strong>Boun,</strong></span> <span class='ocrx_word' id='word_1_185' title='bbox 1207 3905 1337 3971; x_wconf 90' lang='lat' dir='ltr'><strong>comitis</strong></span> 
     </span>
     <span class='ocr_line' id='line_1_28' title="bbox 276 4002 1337 4094; baseline 0 -23"><span class='ocrx_word' id='word_1_186' title='bbox 276 4004 477 4081; x_wconf 86' lang='lat' dir='ltr'><strong>Hereforde,</strong></span> <span class='ocrx_word' id='word_1_187' title='bbox 499 4008 534 4069; x_wconf 91' lang='lat' dir='ltr'><strong>ct</strong></span> <span class='ocrx_word' id='word_1_188' title='bbox 556 4002 699 4068; x_wconf 87' lang='lat' dir='ltr'><strong>dominae</strong></span> <span class='ocrx_word' id='word_1_189' title='bbox 722 4003 833 4069; x_wconf 84' lang='lat' dir='ltr'><strong>Luciae</strong></span> <span class='ocrx_word' id='word_1_190' title='bbox 850 4003 890 4070; x_wconf 90' lang='lat' dir='ltr'><strong>de</strong></span> <span class='ocrx_word' id='word_1_191' title='bbox 914 4003 1107 4084; x_wconf 84' lang='lat' dir='ltr'><strong>Hereforde,</strong></span> <span class='ocrx_word' id='word_1_192' title='bbox 1123 4029 1221 4094; x_wconf 90' lang='lat' dir='ltr'><strong>super</strong></span> <span class='ocrx_word' id='word_1_193' title='bbox 1236 4008 1337 4072; x_wconf 87' lang='lat' dir='ltr'><strong>done-</strong></span> 
     </span>
     <span class='ocr_line' id='line_1_29' title="bbox 274 4105 1339 4175; baseline 0.001 -1"><span class='ocrx_word' id='word_1_194' title='bbox 274 4107 433 4174; x_wconf 91' lang='lat' dir='ltr'><strong>tionibus</strong></span> <span class='ocrx_word' id='word_1_195' title='bbox 457 4105 658 4172; x_wconf 89' lang='lat' dir='ltr'><strong>decimarum</strong></span> <span class='ocrx_word' id='word_1_196' title='bbox 690 4126 824 4170; x_wconf 90' lang='lat' dir='ltr'><strong>suarum</strong></span> <span class='ocrx_word' id='word_1_197' title='bbox 848 4105 888 4171; x_wconf 90' lang='lat' dir='ltr'><strong>de</strong></span> <span class='ocrx_word' id='word_1_198' title='bbox 915 4107 1078 4174; x_wconf 90' lang='lat' dir='ltr'><strong>dominico</strong></span> <span class='ocrx_word' id='word_1_199' title='bbox 1102 4130 1160 4174; x_wconf 87' lang='lat' dir='ltr'><strong>suo</strong></span> <span class='ocrx_word' id='word_1_200' title='bbox 1184 4109 1224 4173; x_wconf 91' lang='lat' dir='ltr'><strong>de</strong></span> <span class='ocrx_word' id='word_1_201' title='bbox 1241 4109 1339 4175; x_wconf 88' lang='lat' dir='ltr'><strong>Nova</strong></span> 
     </span>
     <span class='ocr_line' id='line_1_30' title="bbox 274 4207 1337 4300; baseline 0.001 -25"><span class='ocrx_word' id='word_1_202' title='bbox 274 4211 383 4288; x_wconf 86' lang='lat' dir='ltr'><strong>Villa,</strong></span> <span class='ocrx_word' id='word_1_203' title='bbox 415 4210 455 4275; x_wconf 89' lang='lat' dir='ltr'><strong>de</strong></span> <span class='ocrx_word' id='word_1_204' title='bbox 492 4207 591 4300; x_wconf 83' lang='lat' dir='ltr'><strong>feodo</strong></span> <span class='ocrx_word' id='word_1_205' title='bbox 626 4207 667 4273; x_wconf 91' lang='lat' dir='ltr'><strong>de</strong></span> <span class='ocrx_word' id='word_1_206' title='bbox 698 4207 883 4285; x_wconf 83' lang='lat' dir='ltr'><strong>Caldecote,</strong></span> <span class='ocrx_word' id='word_1_207' title='bbox 917 4209 1094 4297; x_wconf 85' lang='lat' dir='ltr'><strong>diligenter</strong></span> <span class='ocrx_word' id='word_1_208' title='bbox 1124 4211 1337 4297; x_wconf 84' lang='lat' dir='ltr'><strong>inspeximus,</strong></span> 
     </span>
     <span class='ocr_line' id='line_1_31' title="bbox 272 4310 1339 4400; baseline 0.002 -23"><span class='ocrx_word' id='word_1_209' title='bbox 272 4333 425 4400; x_wconf 88' lang='lat' dir='ltr'><strong>quarum</strong></span> <span class='ocrx_word' id='word_1_210' title='bbox 449 4311 649 4377; x_wconf 83' lang='lat' dir='ltr'><strong>decimarum</strong></span> <span class='ocrx_word' id='word_1_211' title='bbox 672 4310 755 4375; x_wconf 84' lang='lat' dir='ltr'><strong>duas</strong></span> <span class='ocrx_word' id='word_1_212' title='bbox 789 4315 899 4397; x_wconf 85' lang='lat' dir='ltr'><strong>partes</strong></span> <span class='ocrx_word' id='word_1_213' title='bbox 930 4311 1106 4398; x_wconf 83' lang='lat' dir='ltr'><strong>garbarum</strong></span> <span class='ocrx_word' id='word_1_214' title='bbox 1141 4313 1275 4380; x_wconf 86' lang='lat' dir='ltr'><strong>ecclesia</strong></span> <span class='ocrx_word' id='word_1_215' title='bbox 1297 4314 1339 4379; x_wconf 93' lang='lat' dir='ltr'><strong>de</strong></span> 
     </span>
     <span class='ocr_line' id='line_1_32' title="bbox 273 4413 1339 4504; baseline 0 -22"><span class='ocrx_word' id='word_1_216' title='bbox 273 4413 531 4491; x_wconf 86' lang='lat' dir='ltr'><strong>Malmesburia,</strong></span> <span class='ocrx_word' id='word_1_217' title='bbox 555 4435 598 4479; x_wconf 87' lang='lat' dir='ltr'><strong>ex</strong></span> <span class='ocrx_word' id='word_1_218' title='bbox 620 4413 706 4479; x_wconf 91' lang='lat' dir='ltr'><strong>dono</strong></span> <span class='ocrx_word' id='word_1_219' title='bbox 729 4419 972 4480; x_wconf 87' lang='lat' dir='ltr'><strong>antecessorum</strong></span> <span class='ocrx_word' id='word_1_220' title='bbox 995 4437 1140 4495; x_wconf 87' lang='lat' dir='ltr'><strong>suorum,</strong></span> <span class='ocrx_word' id='word_1_221' title='bbox 1162 4417 1198 4480; x_wconf 91' lang='lat' dir='ltr'><strong>in</strong></span> <span class='ocrx_word' id='word_1_222' title='bbox 1221 4439 1339 4504; x_wconf 81' lang='lat' dir='ltr'><strong>puram</strong></span> 
     </span>
     <span class='ocr_line' id='line_1_33' title="bbox 271 4514 1341 4605; baseline 0.001 -21"><span class='ocrx_word' id='word_1_223' title='bbox 271 4525 310 4584; x_wconf 85' lang='lat' dir='ltr'><strong>et</strong></span> <span class='ocrx_word' id='word_1_224' title='bbox 335 4520 539 4604; x_wconf 83' lang='lat' dir='ltr'><strong>perpetuam</strong></span> <span class='ocrx_word' id='word_1_225' title='bbox 563 4514 774 4581; x_wconf 88' lang='lat' dir='ltr'><strong>elemosinam</strong></span> <span class='ocrx_word' id='word_1_226' title='bbox 796 4515 839 4580; x_wconf 89' lang='lat' dir='ltr'><strong>ab</strong></span> <span class='ocrx_word' id='word_1_227' title='bbox 862 4515 1000 4602; x_wconf 86' lang='lat' dir='ltr'><strong>antiquo</strong></span> <span class='ocrx_word' id='word_1_228' title='bbox 1017 4517 1183 4605; x_wconf 81' lang='lat' dir='ltr'><strong>percipere</strong></span> <span class='ocrx_word' id='word_1_229' title='bbox 1207 4541 1341 4585; x_wconf 86' lang='lat' dir='ltr'><strong>consue·</strong></span> 
     </span>
     <span class='ocr_line' id='line_1_34' title="bbox 272 4616 1342 4699; baseline 0 -13"><span class='ocrx_word' id='word_1_230' title='bbox 272 4621 352 4699; x_wconf 85' lang='lat' dir='ltr'><strong>vit3</strong></span> <span class='ocrx_word' id='word_1_231' title='bbox 379 4616 700 4693; x_wconf 63' lang='lat' dir='ltr'><strong>stomacharis</strong></span> <span class='ocrx_word' id='word_1_232' title='bbox 723 4621 757 4681; x_wconf 89' lang='lat' dir='ltr'><strong>et</strong></span> <span class='ocrx_word' id='word_1_233' title='bbox 791 4621 974 4683; x_wconf 87' lang='lat' dir='ltr'><strong>conventus</strong></span> <span class='ocrx_word' id='word_1_234' title='bbox 1008 4618 1260 4698; x_wconf 86' lang='lat' dir='ltr'><strong>Malmesburiae,</strong></span> <span class='ocrx_word' id='word_1_235' title='bbox 1282 4642 1342 4687; x_wconf 92' lang='lat' dir='ltr'><strong>nec</strong></span> 
     </span>
     <span class='ocr_line' id='line_1_35' title="bbox 269 4719 1344 4806; baseline 0.001 -18"><span class='ocrx_word' id='word_1_236' title='bbox 269 4743 347 4788; x_wconf 91' lang='lat' dir='ltr'><strong>non</strong></span> <span class='ocrx_word' id='word_1_237' title='bbox 375 4725 415 4784; x_wconf 90' lang='lat' dir='ltr'><strong>et</strong></span> <span class='ocrx_word' id='word_1_238' title='bbox 436 4719 584 4806; x_wconf 89' lang='lat' dir='ltr'><strong>Philippi</strong></span> <span class='ocrx_word' id='word_1_239' title='bbox 608 4719 728 4785; x_wconf 82' lang='lat' dir='ltr'><strong>Mertel</strong></span> <span class='ocrx_word' id='word_1_240' title='bbox 752 4719 878 4799; x_wconf 88' lang='lat' dir='ltr'><strong>militis,</strong></span> <span class='ocrx_word' id='word_1_241' title='bbox 901 4721 941 4786; x_wconf 91' lang='lat' dir='ltr'><strong>de</strong></span> <span class='ocrx_word' id='word_1_242' title='bbox 965 4721 1124 4802; x_wconf 87' lang='lat' dir='ltr'><strong>consensu</strong></span> <span class='ocrx_word' id='word_1_243' title='bbox 1147 4723 1344 4790; x_wconf 86' lang='lat' dir='ltr'><strong>venerabilis</strong></span> 
     </span>
    </p>
   </div>
   <div class='ocr_carea' id='block_1_5' title="bbox 269 4821 1344 4993">
    <p class='ocr_par' dir='ltr' id='par_1_5' title="bbox 269 4821 1344 4993">
     <span class='ocr_line' id='line_1_36' title="bbox 269 4821 1344 4912; baseline 0.001 -21"><span class='ocrx_word' id='word_1_244' title='bbox 269 4822 395 4912; x_wconf 75' lang='lat' dir='ltr'><strong>patris</strong></span> <span class='ocrx_word' id='word_1_245' title='bbox 420 4821 470 4890; x_wconf 89' lang='lat' dir='ltr'><strong>W.</strong></span> <span class='ocrx_word' id='word_1_246' title='bbox 493 4821 639 4900; x_wconf 89' lang='lat' dir='ltr'><strong>secundi,</strong></span> <span class='ocrx_word' id='word_1_247' title='bbox 663 4821 765 4888; x_wconf 85' lang='lat' dir='ltr'><strong>Land&#39;</strong></span> <span class='ocrx_word' id='word_1_248' title='bbox 788 4823 939 4909; x_wconf 90' lang='lat' dir='ltr'><strong>episcopi,</strong></span> <span class='ocrx_word' id='word_1_249' title='bbox 963 4824 1208 4911; x_wconf 75' lang='lat' dir='ltr'><strong>praedecessoris</strong></span> <span class='ocrx_word' id='word_1_250' title='bbox 1229 4828 1344 4904; x_wconf 88' lang='lat' dir='ltr'><strong>nostri,</strong></span> 
     </span>
     <span class='ocr_line' id='line_1_37' title="bbox 372 4923 1208 4993; baseline -0.002 -17"><span class='ocrx_word' id='word_1_251' title='bbox 372 4923 457 4976; x_wconf 78' lang='lat' dir='ltr'><strong>ruso.</strong></span> <span class='ocrx_word' id='word_1_252' title='bbox 1186 4945 1208 4993; x_wconf 67' lang='grc' dir='ltr'><strong>Ε</strong></span> 
     </span>
    </p>
   </div>
   <div class='ocr_carea' id='block_1_6' title="bbox 0 0 1794 5808">
    <p class='ocr_par' dir='ltr' id='par_1_6' title="bbox 0 0 1794 5808">
     <span class='ocr_line' id='line_1_38' title="bbox 0 0 1794 5808; baseline 0 2"><span class='ocrx_word' id='word_1_253' title='bbox 0 0 1794 5808; x_wconf 95' lang='lat' dir='ltr'><strong> </strong></span> 
     </span>
    </p>
   </div>
  </div>
 </body>
</html>
