3524 5808
490 839 556 902 382
903 853 1083 902 urrunnu<
1106 854 1128 904 1.

488 1041 534 1106 lio
556 1041 649 1128 regni
672 1041 775 1105 nostri
799 1041 1046 1126 providerimus,
1068 1040 1156 1125 quod
1179 1060 1246 1104 non
1268 1039 1367 1106 liceat
1389 1041 1471 1106 viris
1494 1064 1537 1107 re-

489 1144 616 1227 ligiosis
649 1164 707 1208 seu
731 1142 805 1207 aliis
828 1143 955 1229 ingredi
980 1142 1113 1207 feodum
1136 1142 1284 1226 alicujus,
1308 1143 1357 1207 ita
1388 1144 1477 1228 quod
1500 1145 1535 1208 ad

487 1267 621 1310 manum
644 1249 808 1308 mortuam
824 1244 987 1321 deveniat,
1011 1245 1081 1308 sine
1105 1243 1240 1309 licentia
1262 1250 1375 1310 nostra
1397 1253 1432 1310 et
1455 1247 1535 1331 capi-

487 1347 563 1410 talis
586 1346 710 1410 domini
727 1347 775 1409 ‘de
799 1368 864 1430 quo
888 1367 939 1410 res
962 1346 1021 1410 illa
1047 1346 1228 1411 inmediate
1250 1351 1404 1412 tenetur:
1430 1347 1534 1412 volen-

485 1454 535 1513 tes
558 1454 670 1512 tamen
693 1447 822 1514 dilectis
837 1448 932 1512 nobis
955 1448 990 1511 iu
1008 1447 1140 1512 Christo
1167 1448 1280 1512 abbati
1304 1455 1338 1513 et
1360 1452 1537 1514 conventui

486 1551 525 1615 de
551 1549 786 1615 Malmasburia
818 1551 961 1636 gratiam
983 1550 1089 1616 facere
1113 1550 1295 1635 specialem,
1320 1551 1475 1616 dedimus
1496 1555 1536 1618 eis

484 1653 661 1728 licentiam,
679 1657 846 1736 quantum
870 1653 905 1716 in
928 1653 1023 1716 nobis
1045 1659 1105 1729 est,
1128 1653 1215 1736 quod
1251 1654 1314 1738 ipsi
1337 1676 1444 1718 unum
1477 1677 1535 1720 me-

485 1753 635 1840 suagium
659 1775 733 1819 curn
756 1755 966 1840 pertinentiis
994 1755 1029 1817 in
1053 1755 1208 1840 parochia
1239 1753 1370 1820 Sanctae
1395 1756 1534 1843 Brigidae

484 1859 519 1920 iu
541 1855 699 1921 suburbio
716 1857 903 1933 Londoniae,
920 1857 1007 1942 quod
1024 1856 1171 1942 Rogerus
1187 1858 1227 1923 de
1244 1857 1417 1936 Evesham‚
1438 1859 1534 1942 juxta

483 1959 756 2025 consuetudinem
793 1960 942 2024 civitatis
985 1959 1142 2044 ejusdem,
1189 1960 1312 2024 eisdem
1353 1961 1468 2026 abbati
1505 1968 1534 2026 et

483 2061 661 2138 conventui
685 2062 721 2125 in
736 2065 934 2126 testamento
957 2082 1016 2125 suo
1040 2060 1173 2146 legavit,
1197 2062 1329 2147 ingredi
1356 2065 1483 2149 possint
1505 2069 1534 2128 et

483 2169 594 2228 tenere
617 2162 682 2226 sibi
705 2166 739 2226 et
762 2162 1000 2228 successoribus
1022 2163 1091 2226 suis
1114 2164 1367 2248 imperpetuum.

528 2265 688 2330 Nolentes
711 2265 798 2349 quod
822 2266 922 2329 iidem
945 2265 1047 2330 abbas
1070 2271 1104 2329 et
1132 2270 1314 2331 conventus
1329 2267 1382 2332 vel
1410 2288 1531 2334 sucees-

482 2391 570 2435 sores
592 2369 652 2444 sui,
668 2369 835 2433 occasione
858 2369 977 2432 statuti
996 2369 1154 2454 praedicti‚
1177 2391 1236 2455 per
1251 2391 1310 2434 nos
1326 2370 1379 2434 vel
1401 2369 1532 2437 heredes

483 2478 610 2538 nostros
643 2471 720 2534 inde
755 2471 1002 2535 occasionentur
1035 2471 1072 2533 in
1106 2469 1225 2555 aliquo,
1258 2471 1311 2563 vel
1345 2479 1532 2558 graventur.

484 2573 592 2638 Salvis
616 2578 728 2636 tamen
752 2572 950 2656 capitalibus
972 2571 1115 2635 dominis
1142 2572 1230 2636 feodi
1264 2573 1355 2636 illius
1389 2575 1532 2639 serviciis

482 2674 560 2738 inde
583 2673 704 2739 debitis
736 2677 770 2737 et
793 2673 966 2738 consuetis
1014 2673 1054 2736 In
1087 2675 1181 2759 cujus
1223 2675 1271 2738 rei
1304 2677 1529 2741 testimonium

481 2777 541 2840 has
563 2776 692 2839 litteras
715 2781 844 2838 nostras
878 2775 949 2838 fieri
982 2773 1118 2839 lecimus
1149 2782 1310 2861 patentes.
1357 2777 1453 2842 Teste
1480 2801 1530 2844 me

481 2882 552 2965 ipso
584 2879 673 2965 apud
707 2877 1044 2955 Westmonasterium,
1079 2878 1234 2944 vicesimo
1279 2881 1331 2945 dic
1369 2880 1530 2958 Januarii,

481 3003 569 3046 anno
592 2982 685 3067 regni
708 2980 813 3044 nostri
836 2980 1001 3044 vicesimo.

482 3240 665 3309 Ordinatio
699 3240 836 3305 dmrainc'
864 3238 1023 3305 Willelrnc'
1054 3239 1184 3304 abbatis
1207 3239 1458 3306 Maloaesburioe
1492 3240 1529 3306 de

535 3377 536 3380 ¹
567 3345 741 3432 refectione
764 3343 1007 3408 conventuales
1030 3343 1268 3410 misericord-ia
1288 3365 1353 3428 pro
1375 3349 1466 3408 terra
1491 3343 1529 3409 dc

569 3449 604 3514 lo
627 3447 856 3512 Blcrbelaunde
872 3445 1048 3530 dampnato
1070 3445 1117 3510 od
1138 3447 1322 3532 coquinam
1344 3453 1528 3512 conventus.

308 3653 418 3716 Regula-
526 3621 688 3684 Omnibus
725 3621 761 3683 in
805 3619 938 3684 Christo
981 3619 1197 3696 credentibus,
1245 3618 1428 3684 Willelmus
1465 3621 1529 3684 Dei

309 3719 416 3834 {⁰³⁸³ss
430 3730 456 3772 t⁰
480 3725 588 3810 gratia
610 3723 711 3788 abbas
735 3721 985 3800 Malmesburiae,
1010 3727 1044 3786 et
1074 3721 1220 3806 ejusdem
1252 3721 1313 3786 loci
1347 3729 1527 3788 conventus

308 3789 443 3904 aoebl‘fc'h
479 3829 618 3892 salutem
643 3832 799 3890 aeternam
832 3824 868 3886 in
891 3822 1041 3888 Domino.
1089 3822 1175 3902 Quia
1198 3823 1288 3888 dieta
1322 3824 1527 3909 quorundam

310 3923 381 3968 ¹2⁹³·
478 3931 618 3996 fratrum
642 3933 836 4003 nostrorum,
860 3947 941 4010 quos
963 3925 1099 3988 minoris
1122 3925 1243 3990 favoris
1257 3927 1366 4010 gratia
1381 3948 1452 3992 raro
1467 3933 1527 3992 aut

477 4030 588 4117 tepide
611 4027 877 4115 prosequebatur,
908 4027 1019 4091 tenuis
1041 4027 1213 4091 consuevit
1244 4048 1313 4090 esse
1344 4050 1404 4113 pro
1436 4035 1525 4094 statu

476 4131 686 4198 recreationis
709 4137 743 4193 et
759 4129 873 4206 exilis3
898 4129 1038 4194 aliorum
1061 4149 1139 4193 vero
1155 4128 1295 4193 fratrum
1311 4128 1526 4215 specialitatis

476 4235 584 4299 omine
608 4233 820 4318 praeditorum
845 4231 926 4295 satis
949 4229 1081 4316 pinguis
1104 4236 1147 4316 etj
1171 4230 1337 4316 opulenta,
1372 4233 1458 4296 sicut
1489 4233 1526 4295 in

475 4336 589 4400 multis
612 4333 819 4398 monasteriis
842 4332 962 4397 accidit
974 4357 981 4410 3
1005 4331 1148 4416 quidam,
1180 4354 1261 4417 quos
1295 4332 1415 4397 volunt
1445 4332 1527 4398 libe·

475 4438 576 4503 ralius
592 4435 782 4522 respiciunt,
798 4433 880 4498 alios
896 4434 937 4498 dc
952 4433 1094 4497 elaustro
1117 4433 1246 4498 tardius
1268 4434 1311 4497 ad
1334 4435 1524 4499 convivium

476 4541 633 4615 invitant,
656 4535 898 4622 indulgentiam
921 4533 1011 4599 illius
1035 4534 1207 4600 decretalis
1239 4535 1376 4600 minime
1408 4537 1524 4601 adver-

474 4649 591 4718 tentes,
611 4661 685 4726 quae
701 4639 802 4704 dicit:
826 4645 843 4672 “
855 4635 959 4701 Nunc
981 4635 1038 4701 boe
1059 4658 1155 4702 nunc
1170 4635 1248 4702 illos
1271 4637 1525 4724 aptassent-

475 4755 493 4782 “
517 4745 578 4814 bus
600 4742 647 4812 nd
667 4741 821 4827 protinas
851 4737 1070 4808 recreationis
1094 4739 1172 4830 foro
1193 4739 1358 4808 vocandos
1368 4739 1410 4822 ;”
1433 4747 1524 4832 pete-
