3526 5810
288 2552 428 2614 Qnitclsim

449 874 513 940 310
700 891 898 938 snursruun
922 887 1246 938 nrmnsssufflsuss.

449 1071 628 1148 Galfridus,
663 1071 833 1148 Ricardus,
868 1070 1047 1146 «lohannes,
1079 1069 1248 1147 Ricardua
1287 1069 1435 1156 Rogerus
1466 1075 1502 1134 ct

448 1174 626 1252 «lohannes,
661 1197 720 1240 seu
752 1174 903 1261 praedicti
948 1173 1050 1244 abhas
1085 1179 1119 1237 et
1153 1177 1345 1250 conventus,
1374 1172 1501 1238 ratione

450 1278 569 1344 statuti
592 1277 743 1363 praedicti
767 1298 908 1362 pernes
931 1275 985 1339 vel
1007 1275 1143 1340 heredes
1166 1279 1295 1340 nostros
1310 1275 1389 1339 inde
1412 1296 1501 1341 occa·

450 1381 622 1445 sionentur
645 1381 680 1442 in
703 1364 815 1465 aliquo
839 1378 892 1444 vel
914 1383 1104 1464 graventur.
1153 1377 1263 1442 Salvis
1287 1385 1399 1442 tamen
1414 1379 1502 1464 capi·

451 1481 573 1547 talibus
596 1481 739 1546 dominis
762 1481 931 1545 feodorum
954 1479 1087 1545 illorum
1111 1480 1258 1544 serviciis
1281 1479 1358 1544 inde
1381 1478 1501 1543 debitis

451 1591 485 1648 et
516 1584 689 1648 consuetis.
737 1583 780 1645 In
811 1582 905 1667 cujus
937 1581 984 1646 rei
1020 1581 1247 1644 testimonium
1282 1579 1343 1646 has
1374 1580 1502 1646 litteras

451 1691 580 1751 nostras
613 1685 684 1750 lieri
716 1684 854 1749 fecimus
895 1691 1055 1769 patentes
1117 1683 1215 1748 Teste
1253 1683 1378 1768 meipso
1414 1683 1504 1768 apud

452 1787 792 1862 westmonasterium,
836 1785 1063 1851 tertiodecimo
1096 1785 1149 1850 die
1199 1785 1379 1862 Februarii,
1417 1805 1504 1850 anno

451 1890 545 1976 regni
567 1889 673 1954 nostri
696 1886 963 1974 quartodecimo.¹

804 2113 884 2180 Car.
909 2113 1150 2180 COOOXXIX.

479 2269 600 2350 Quieto
622 2268 812 2335 clonuantic
841 2265 1002 2332 Willelnci
1016 2265 1120 2352 filii²
1148 2267 1334 2352 meuodi
1357 2267 1396 2333 dc
1419 2269 1500 2333 Con·

709 2369 820 2455 hrippe
842 2376 871 2434 ct
894 2368 1025 2435 Acirim
1048 2369 1224 2434 Nobetorlu.

501 2524 615 2590 Sciant
637 2528 814 2610 praesentes
837 2529 872 2588 et
894 2523 999 2586 futuri
1022 2523 1111 2608 quod
1133 2545 1193 2610 ego
1209 2522 1394 2588 Willelmus
1418 2525 1502 2588 filius

287 2619 424 2736 ‘fffflrfi
456 2627 639 2735 meundi
663 2627 703 2690 de
737 2625 933 2711 Ooubrigge,
968 2631 1003 2688 et
1035 2625 1164 2690 Aviciae
1199 2625 1353 2703 Nobelot,
1385 2628 1502 2701 remisi,

289 2761 343 2802 tou.

455 2729 607 2803 concessi,
631 2734 666 2792 et
688 2728 838 2813 quietum
862 2727 1002 2790 clamavi
1026 2748 1085 2812 pro
1101 2748 1153 2791 me
1169 2733 1203 2792 et
1226 2727 1401 2793 heredibus
1424 2729 1502 2792 meis

456 2832 707 2918 imperpetuum,
731 2829 802 2894 Deo
825 2834 860 2892 ct
882 2828 1026 2894 ecclesias
1060 2827 1148 2894 beati
1175 2830 1316 2896 Aldelmi
1348 2832 1389 2896 de
1424 2831 1502 2896 Mal-

455 2934 629 3010 mesburia,
654 2937 688 2996 et
711 2932 844 2996 domino
868 2929 1034 2995 Willelmo
1057 2931 1180 3007 abbati,
1197 2937 1231 2996 et
1254 2933 1422 2998 monachis
1445 2933 1503 2998 ibi-

456 3035 530 3099 dem
554 3035 624 3099 Deo
648 3032 876 3108 servientibus,
901 3036 1008 3096 totum
1027 3032 1085 3116 jus
1108 3037 1143 3096 et
1165 3032 1317 3097 clamium
1341 3039 1377 3098 et
1398 3039 1503 3099 totum

457 3138 641 3202 dominium
664 3136 752 3222 quod
783 3133 887 3198 habui
910 3135 964 3199 vel
987 3133 1098 3219 aliquo
1130 3135 1227 3200 modo
1261 3135 1381 3201 habere
1405 3138 1504 3222 potui,

457 3242 493 3304 in
526 3239 677 3304 omnibus
710 3237 806 3301 terris
841 3235 907 3299 illis
940 3241 973 3301 et
1005 3238 1211 3314 tenementis,
1246 3259 1321 3302 cnm
1355 3238 1505 3304 omnibus

457 3345 525 3407 suis
550 3341 769 3428 pertinentiis,
785 3361 860 3424 quae
883 3339 1020 3404 fuerunt
1042 3338 1083 3403 dc
1105 3340 1199 3405 leode
1217 3340 1373 3406 Willelmi
1397 3342 1505 3409 Nobe-

456 3443 506 3508 lot
527 3443 564 3507 in
587 3441 669 3506 villa
692 3442 732 3506 de
756 3440 1003 3505 Hanekintone.
1050 3440 1106 3505 Ita
1128 3441 1216 3526 quod
1250 3464 1310 3507 nec
1342 3466 1401 3530 ego
1426 3445 1504 3508 Wil-

457 3545 582 3621 lelmus,
606 3565 667 3610 nec
689 3542 809 3629 aliquis
832 3542 990 3608 heredum
1016 3542 1068 3607 vel
1091 3543 1333 3630 assignatorum
1352 3567 1503 3622 meorum,

457 3648 591 3733 aliquod
617 3647 674 3733 jus
713 3646 765 3712 vel
804 3646 958 3711 claminm
997 3645 1052 3710 vel
1089 3646 1222 3731 aliquod
1255 3648 1439 3714 dominium
1471 3652 1506 3715 in

459 3750 626 3836 praedictis
648 3751 744 3815 terris
767 3769 824 3812 seu
848 3748 1054 3822 tenementis,
1078 3746 1132 3812 vel
1154 3749 1190 3812 in
1219 3748 1386 3835 aliquibus
1408 3753 1505 3837 perti-

459 3852 582 3918 nentiis
606 3853 681 3926 suis,
705 3851 816 3936 aliquo
832 3854 978 3935 tempore
994 3848 1089 3914 nohis
1105 3849 1234 3936 exigere
1260 3853 1312 3916 vel
1336 3855 1506 3920 vendicare

461 3957 622 4042 possimus
645 3957 894 4040 imperpetuum.
941 3951 1005 4017 Sed
1022 3952 1172 4038 praedicti
1187 3953 1289 4018 abbas
1313 3961 1346 4020 et
1369 3979 1507 4024 conven-

462 4064 516 4122 tus
547 4062 581 4122 et
613 4078 725 4122 eorum
759 4075 956 4121 successores
993 4054 1139 4120 habeant
1177 4061 1211 4120 et
1249 4061 1385 4124 teneant
1422 4067 1509 4127 totas

335 4173 340 4178 '
461 4160 635 4246 praedictas
658 4164 761 4224 terras
784 4161 819 4222 et
841 4161 1038 4233 tenementa‚
1062 4179 1135 4222 cum
1159 4159 1311 4224 omnibus
1345 4163 1510 4246 pertinen·

461 4263 518 4326 tiis
542 4261 618 4338 suis,
654 4260 763 4336 libere,
787 4260 906 4345 quiete,
939 4258 1021 4323 bene
1055 4263 1088 4323 et
1120 4259 1261 4344 pacifice,
1295 4261 1365 4326 sine
1399 4264 1512 4350 aliqua

461 4363 719 4430 contradictione
742 4362 796 4427 vel
819 4361 1049 4427 reclamatione
1079 4363 1144 4427 mei
1176 4364 1230 4427 vel
1261 4363 1420 4431 heredum
1454 4392 1513 4434 seu

462 4468 704 4554 assignatorum
719 4487 867 4530 meorum
883 4465 1134 4550 imperpetuum.
1173 4465 1218 4530 Et
1233 4466 1267 4530 in
1283 4468 1513 4538 testimonium

463 4569 564 4657 hujus
604 4567 828 4643 concessionis,
863 4565 1064 4632 remissionis
1095 4572 1130 4631 et
1167 4569 1287 4654 quietae
1322 4570 1514 4642 clamentiae

465 4710 727 4723 -.—-—---..--
737 4709 858 4716 ——-—-
876 4708 974 4714 .--.
986 4709 1021 4715 „-

483 4777 491 4810 ¹
505 4775 666 4826 Enrollcdon
678 4775 735 4824 Pat.
747 4776 777 4822 ll
786 4771 888 4822 udal.
897 4785 929 4820 ιιι.
942 4775 982 4820 23.
998 4774 1006 4838 Ι
1053 4771 1064 4803 ²
1073 4770 1141 4838 filii]
1163 4772 1238 4834 iilius,
1247 4775 1274 4823 in
1285 4773 1343 4830 MS.
