3524 5808
508 929 706 981 nncrsrrou
729 929 1053 980 urrunsaonrnusn.
1243 919 1306 982 325

254 1117 337 1183 mihi
371 1125 406 1186 et
438 1117 615 1185 heredibus
650 1120 732 1186 meis
754 1141 859 1184 unum
888 1119 1080 1187 honorabile
1103 1119 1308 1186 corrodium:

252 1219 409 1288 videlieet
454 1243 560 1286 unum
606 1241 726 1307 panem
763 1222 1016 1289 conventualem
1054 1227 1089 1287 et
1125 1222 1228 1286 olium
1266 1222 1308 1286 de

252 1324 395 1389 secundo
417 1344 511 1410 pane,
532 1321 611 1405 liba,
633 1323 787 1410 placente
808 1324 849 1389 de
871 1324 992 1391 celcrio
1014 1323 1248 1390 monachorum
1270 1321 1307 1387 in

250 1424 347 1491 festis
370 1426 560 1512 majoribus,
582 1430 648 1493 ete
662 1427 803 1513 coquina
817 1427 973 1513 ipsorum,
996 1427 1167 1512 potegium
1183 1431 1217 1491 et
1240 1427 1306 1493 duo

250 1525 374 1594 ferculo
407 1528 478 1594 sine
509 1529 737 1607 diminutione,
760 1529 801 1594 de
833 1529 953 1614 quibus
979 1527 1133 1596 monaehi
1155 1533 1306 1607 utuntur,

251 1631 368 1696 vinum
406 1637 441 1698 et
477 1631 624 1719 fluganos
661 1631 794 1716 quando
840 1630 973 1710 hebent,
1008 1635 1043 1696 et
1073 1635 1140 1696 tres
1172 1629 1305 1718 lagenos

251 1731 346 1799 bonae
369 1733 515 1800 eervisiae
538 1739 573 1800 et
595 1733 739 1800 melioris
761 1753 782 1798 a
803 1734 962 1819 proedicto
985 1731 1112 1800 celario.
1159 1733 1304 1798 Licltum

250 1835 295 1899 sit
317 1834 402 1899 mihi
426 1840 460 1900 et
489 1835 571 1900 meis
593 1835 720 1900 intrare
742 1834 898 1901 celarium
921 1835 1025 1900 donec
1047 1834 1193 1900 serviens
1216 1835 1304 1920 ipso·

250 1959 324 2001 rum
357 1937 489 2023 pineam
522 1937 711 2024 impleverit
733 1958 754 2002 e
776 1937 877 2003 doleo.
923 1936 1056 2002 Debent-
1085 1937 1186 2002 etism
1209 1937 1303 2002 nobis

250 2039 382 2104 mittere
421 2061 442 2106 c
472 2039 611 2126 praefata
643 2037 779 2105 abcthic
811 2038 854 2103 ad
888 2041 1115 2104 tenementum
1153 2044 1332 2104 nostrumf.
1346 2053 1402 2101 aes.

249 2139 330 2206 sex¹
354 2140 450 2206 ulnas
482 2141 630 2208 decentis
662 2141 775 2227 panni,
797 2141 840 2206 ad
863 2141 1010 2208 tunicam
1042 2146 1076 2206 et
1098 2141 1302 2220 mantellum,

250 2266 325 2311 cum
370 2244 493 2331 penula
528 2245 616 2312 bona
654 2243 865 2310 scurellorum
903 2245 957 2310 vel
995 2243 1231 2322 cuniculorum,
1268 2249 1303 2310 et

249 2337 350 2414 unam
372 2345 537 2434 pelliciam
553 2345 769 2414 monachilem
785 2347 839 2412 vel
853 2347 998 2432 pretium
1013 2347 1056 2412 xl„
1074 2345 1107 2412 d.
1122 2347 1166 2413 ed
1180 2347 1302 2412 festum

252 2449 410 2516 Omnium
451 2447 656 2516 Sanctorum.
703 2447 758 2514 Ad
785 2448 911 2515 Pesohc
942 2453 1009 2514 tres
1044 2448 1139 2514 ulnas
1170 2448 1301 2514 honesti

249 2553 361 2637 panni,
376 2553 462 2619 sicut
478 2552 518 2617 de
541 2552 682 2617 burneto
704 2551 759 2616 vel
783 2550 823 2616 de
847 2551 968 2628 birote,
991 2551 1035 2618 od
1057 2552 1301 2637 supertunioam

249 2655 443 2721 faciendam.
490 2655 535 2719 Et
568 2676 642 2720 cum
675 2654 898 2720 oblationibus
928 2655 1049 2719 nostris
1072 2660 1124 2719 ter
1146 2655 1183 2719 in
1204 2676 1302 2733 anno,

249 2759 303 2824 die
327 2757 460 2824 Natalis
483 2755 620 2823 Domini
651 2757 832 2834 denarium,
856 2757 910 2823 die
933 2757 1176 2824 Purificctionis
1203 2757 1302 2824 deno·

248 2859 343 2938 rium,
365 2861 419 2925 die
442 2857 576 2926 Paschae
592 2859 770 2924 denarium.
819 2857 1058 2925 Concesserunt
1076 2859 1176 2925 etiam
1200 2860 1301 2926 abbas

248 2967 283 3026 et
313 2959 466 3026 monachi
500 2981 618 3046 pueros
651 2982 740 3026 meos
762 2960 805 3025 ed
828 2961 959 3027 ordines
982 2982 1088 3027 saeros
1111 2983 1301 3047 promovere

247 3068 282 3129 et
320 3064 556 3150 contingentes.
617 3062 808 3128 Tenendum
847 3066 882 3127 et
919 3061 1108 3128 habendum
1146 3063 1229 3128 mihi
1267 3069 1302 3129 et

246 3165 422 3232 heredibus
454 3165 627 3251 legittimis
659 3165 770 3230 omnia
801 3164 1041 3251 praenominata
1075 3165 1116 3230 de
1142 3165 1300 3251 praedicto

247 3269 367 3335 abbate
401 3273 436 3333 et
467 3267 644 3344 monachis,
668 3272 703 3332 et
724 3266 767 3333 ab
790 3288 901 3333 eorum
929 3266 1167 3333 successoribus
1189 3266 1299 3348 libere,

247 3371 368 3456 quiete,
402 3371 485 3436 bene
523 3374 558 3435 et
595 3369 631 3434 in
669 3390 758 3455 pace,
789 3368 912 3453 absque
962 3368 1052 3433 omni
1090 3369 1228 3436 servicio
1265 3376 1300 3436 ct

248 3472 410 3538 demanda
442 3471 587 3538 seculari.
634 3471 678 3536 Et
711 3471 740 3536 si
771 3493 831 3557 ego
854 3471 908 3536 vel
935 3469 1069 3536 heredes
1093 3471 1157 3537 mei
1180 3471 1298 3558 uliqui-

247 3575 309 3640 bus
332 3573 472 3662 placitis
488 3572 722 3651 occasionibus,
737 3572 881 3660 tollagiis
898 3573 1160 3659 quibuscumque
1182 3595 1298 3662 greve-

246 3701 330 3757 mur,
361 3677 426 3766 ipsi
463 3701 523 3766 pro
557 3678 715 3765 praedicto
748 3682 937 3743 tenemento
971 3677 1150 3743 secundum
1185 3699 1298 3745 eorum

245 3803 405 3868 expensas
428 3803 488 3847 nos
521 3779 759 3868 acquietabunt
789 3785 823 3846 et
845 3779 1023 3846 defendent
1045 3780 1297 3868 imperpetuum.

247 3883 291 3949 Et
322 3884 351 3948 si
393 3883 582 3961 monachus,
614 3883 768 3960 serviens,
803 3882 855 3947 vel
887 3883 996 3968 garcio
1027 3881 1162 3969 aliquod
1188 3885 1246 3970 jus
1277 3907 1298 3950 a

245 3986 411 4073 praediotis
426 3986 525 4052 rebus
539 3985 576 4052 in
590 3991 685 4073 parte
707 3983 762 4049 vel
784 3984 821 4048 in
843 3989 914 4050 toto
937 3983 1060 4070 injuste
1084 3985 1296 4066 detinuerint,

244 4089 288 4156 ab
311 4087 425 4156 officiis
447 4109 561 4156 eorum
595 4093 796 4174 separentur.
841 4084 1011 4155 Conceseit
1048 4089 1149 4156 etiam
1179 4089 1297 4157 Petrus

245 4191 347 4258 abbcs
384 4213 443 4277 pro
481 4215 515 4257 se
553 4196 588 4257 et
624 4190 863 4258 successoribus
900 4191 980 4278 ejus,
1010 4213 1086 4257 cum
1124 4192 1296 4261 voluntate

244 4299 437 4371 conventus,
474 4299 514 4360 ut
551 4294 579 4358 si
620 4293 776 4380 injurium
814 4291 959 4378 aliquam
1002 4293 1086 4358 mihi
1123 4295 1177 4359 vel
1214 4297 1295 4362 meis

244 4394 420 4462 heredibus
443 4397 682 4482 praestaverint,
703 4397 791 4482 quod
814 4397 1008 4463 universalis
1031 4420 1130 4465 saorae
1153 4401 1296 4466 ecclesiea

245 4498 618 4565 excommunicationem
655 4499 834 4565 incurrant.
893 4500 929 4566 si
967 4501 1068 4566 etiam
1106 4501 1185 4566 huic
1221 4523 1297 4568 oon·

245 4601 383 4668 cessioni
406 4601 655 4687 praenominatae
678 4601 877 4680 obstiterint,
899 4602 1019 4668 volunt
1053 4609 1087 4668 et
1114 4603 1298 4688 concedunt
1373 4691 1375 4694 .

644 4813 650 4846 ¹
670 4815 727 4883 aex]
748 4815 793 4877 sel,
804 4815 830 4866 in
842 4817 897 4868 Ms.
932 4815 934 4819 ’
