3578 5808
564 869 763 924 anorsrnuu
788 870 1114 920 urnuassnsrnrsr.
1322 853 1364 915 23

307 1061 439 1138 indulti,
463 1061 626 1137 videlicet,
650 1061 691 1124 de
724 1061 866 1126 oratorio
901 1059 988 1124 infra
1024 1061 1118 1142 septa
1152 1053 1251 1118 ouriae
1282 1071 1365 1117 mese

308 1163 347 1227 de
383 1163 535 1228 Peritone
568 1162 799 1238 construendo,
824 1160 951 1224 nnllam
985 1157 1115 1222 matrici
1147 1154 1290 1220 eeclesiae
1323 1154 1363 1218 de

308 1264 468 1341 Peritone,
493 1265 568 1328 ullis
591 1286 750 1348 umquam
775 1263 985 1348 temporibus,
1009 1261 1045 1323 in
1067 1258 1178 1343 aliquo
1209 1251 1379 1342 praejudi?

248 1419 253 1426 .
308 1367 393 1430 oium
416 1367 649 1452 generabitur,
670 1366 728 1430 sed
750 1365 778 1428 si
801 1364 913 1448 aliqua
928 1383 1002 1448 quse
1020 1361 1096 1445 jure
1120 1357 1296 1444 parochiali
1319 1357 1363 1420 ad

309 1468 429 1532 dietam
453 1469 622 1533 ecelesiam
657 1467 835 1553 pertinent,
859 1465 902 1529 ad
926 1465 1052 1528 dictum
1077 1460 1256 1526 oratorium
1290 1481 1363 1544 per-

308 1571 460 1635 venerint
494 1592 552 1656 per
586 1591 721 1633 manum
756 1567 926 1652 capellani,
962 1564 1086 1629 ibidem
1124 1584 1183 1648 pro
1215 1568 1361 1647 tempore

307 1672 536 1747 ministraturi,
561 1677 595 1735 et
625 1669 786 1735 fidelitate
808 1675 886 1732 ante
911 1667 1022 1731 onmia
1044 1669 1232 1730 memoratae
1262 1663 1360 1727 eoele-

307 1773 365 1837 sire
388 1773 428 1836 de
451 1773 604 1836 Peritone
636 1769 850 1856 astringendi,
873 1768 996 1853 absque
1020 1765 1109 1831 omni
1132 1764 1360 1840 diminutione,

306 1874 421 1939 fraude
444 1880 478 1938 et
501 1872 683 1940 ealliditate
705 1871 917 1947 cenantibus,
934 1869 1101 1955 praedictae
1123 1866 1265 1932 ecelesiae
1280 1865 1359 1930 fide·

305 1977 382 2042 iiior
404 1976 640 2062 persolventur.
686 1973 728 2037 In
749 1974 844 2057 eujus
866 1972 914 2036 rei
936 1970 1171 2049 testimonium,
1196 1974 1255 2032 ete.

701 2285 780 2352 CAP.
806 2285 957 2350 CLXIII.

310 2441 534 2527 Gorzflrmntio
569 2441 706 2506 <Iontioi
738 2441 918 2527 Hansridi
952 2437 1085 2507 cernitis
1107 2438 1289 2523 Heroforde
1321 2439 1361 2506 de

393 2551 543 2629 pastura
575 2544 687 2608 onius
719 2551 886 2609 commatre
919 2551 1015 2608 terroe
1047 2542 1140 2608 inter
1163 2541 1297 2608 Korseia
1331 2551 1392 2614 etr.
1406 2563 1487 2617 reso.

400 2645 602 2711 ObelewriIre.

352 2813 514 2878 Omnibus
546 2812 671 2878 Christi
702 2812 855 2878 fidelibus
885 2812 929 2876 ad
960 2833 1041 2897 quos
1079 2833 1222 2897 praeseus
1257 2812 1356 2897 serip-
1372 2831 1514 2883 Confirma-

307 2921 380 2978 tum
418 2915 615 3000 pervenerit,
654 2913 840 2978 Hunfridus
878 2914 918 2977 de
950 2913 1078 2990 Bohun‚
1109 2934 1216 2979 eomes
1254 2913 1356 2978 Here-
1371 2898 1487 3026 ffi’ffi

307 3017 409 3094 forde,
447 3018 588 3082 salutem
633 3017 669 3080 in
715 3017 858 3081 Domino
900 3021 1065 3081 reternam.
1135 3015 1357 3080 Universitati
1372 3031 1406 3146 g.
1419 3026 1513 3147 eafrl'pr

1400 3113 1442 3148 ere
1455 3113 1483 3148 01
1503 3134 1511 3150 0

309 3124 427 3183 vestra
464 3125 581 3183 notum
619 3118 706 3183 facio
739 3140 791 3182 me
827 3123 951 3182 cartam
985 3117 1122 3182 Henriei
1158 3118 1199 3181 de
1237 3116 1358 3181 Bohun

307 3221 411 3306 patris
434 3221 508 3298 mei,
531 3220 661 3286 comitis
693 3221 860 3305 quondam
892 3220 1084 3296 Hereforde,
1108 3219 1284 3306 diligenter
1306 3220 1356 3283 in·

308 3324 461 3408 spexisse,
484 3329 519 3387 et
542 3323 663 3408 saepius
686 3323 824 3387 eandem
846 3323 883 3386 in
906 3323 1083 3407 praeserrtia
1105 3322 1250 3386 virorum
1283 3342 1358 3406 pro-

310 3427 423 3490 borum
446 3425 565 3490 lectam
589 3424 764 3502 audivisse,
786 3425 880 3510 eujus
903 3425 1005 3490 verba
1028 3431 1106 3489 sunt
1130 3423 1219 3488 haee:
1244 3433 1259 3457 ‘⁸
1273 3423 1357 3488 Uni-

310 3537 325 3562 “
348 3530 449 3594 vorsis
481 3529 608 3594 Christi
641 3528 793 3593 fidelibus
824 3529 867 3592 ad
902 3550 983 3612 quos
1019 3549 1162 3613 praesens
1196 3527 1356 3612 seriptum

309 3641 325 3664 “
347 3631 542 3717 pervenerit,
582 3631 746 3696 Henrieus
792 3630 832 3694 de
871 3629 998 3706 Bohnn,
1030 3651 1135 3695 comes
1166 3628 1355 3704 Hereforde,

309 3741 326 3766 “
348 3732 496 3798 salntem.
568 3732 688 3798 Sciatis
726 3754 777 3796 me
816 3731 943 3796 intuitu
981 3730 1043 3795 Dei
1082 3737 1117 3796 et
1154 3753 1212 3815 pro
1249 3730 1356 3795 salute

307 3845 324 3870 “
347 3837 465 3902 animae
488 3857 579 3911 meae,
594 3842 629 3899 et
651 3841 892 3900 antecessorum
909 3839 943 3898 et
965 3854 1184 3900 suceessorum
1201 3855 1356 3909 meorum,

307 3949 324 3974 ‘⁴
347 3940 517 4014 remisisse,
557 3938 745 4015 reddidisse,
784 3942 819 4001 et
864 3937 935 4001 sine
972 3937 1085 4022 aliquo
1130 3941 1355 4001 retenemento

306 4050 322 4076 ⁴⁴
346 4043 495 4126 quietum
518 4041 674 4106 clamasse
698 4040 738 4105 de
762 4062 813 4104 me
836 4049 871 4104 et
894 4039 1069 4104 heredibus
1092 4039 1173 4104 meis
1189 4043 1354 4124 perpetue,

307 4145 417 4209 “Deo
447 4151 482 4209 et
512 4144 655 4209 ecelesiae
687 4143 817 4208 Sanctae
852 4143 966 4207 Mariae
989 4147 1024 4207 et
1049 4141 1163 4206 Sancti
1186 4141 1354 4206 Atdhelmi

305 4257 322 4280 “
346 4248 386 4312 de
409 4246 652 4322 Malnresburia,
675 4251 709 4310 et
743 4244 924 4310 venerabili
958 4245 1030 4308 viro
1062 4243 1217 4321 Waltem,
1240 4244 1354 4308 abbati

305 4359 322 4384 “
345 4351 385 4415 de
410 4349 651 4424 Malmesburia‚
675 4354 709 4412 et
732 4348 879 4432 ejusdem
909 4347 972 4413 loci
1004 4347 1183 4413 conventui
1218 4351 1252 4410 et
1282 4369 1354 4412 sue-

304 4450 524 4517 “sessoribus
556 4449 624 4514 suis
659 4450 910 4536 imperpetuum,
934 4453 1042 4514 totum
1076 4448 1231 4514 olamium
1265 4449 1354 4534 quod

302 4563 318 4588 ‘⁸
343 4553 490 4618 dioebam
521 4575 573 4617 me
603 4551 724 4618 habere
747 4553 783 4617 in
813 4558 949 4638 pastura
975 4557 1071 4617 tense
1102 4553 1287 4630 eorrmdem,
1310 4553 1353 4617 ab

303 4668 318 4692 ‘⁴
342 4656 602 4722 antecessoribus
629 4656 711 4720 meis
754 4656 877 4741 injuste
911 4661 1077 4740 oocupata,
1101 4660 1261 4740 tanquam
1293 4656 1350 4739 jus

300 4771 317 4796 ‘¹
341 4759 446 4846 ipsius
469 4757 620 4835 eeclesiae,
644 4759 685 4822 de
709 4781 782 4836 una,
798 4757 961 4834 videlicet,
978 4762 1130 4824 carucata
1153 4764 1249 4823 terrae
1265 4758 1353 4823 inter
