3526 5810
531 864 728 914 ssersraun
751 863 1073 914 Mannrsnnnlnnsn
1265 853 1327 918 261

275 1060 395 1128 eidem¹
410 1061 552 1128 breehire
566 1059 803 1148 adjacentibus,
819 1059 862 1125 ab
876 1060 998 1148 angulo
1018 1060 1201 1147 aquilonari
1218 1061 1331 1129 eroftae

277 1162 318 1228 de
342 1163 559 1240 Fonleswike,
577 1183 652 1248 quae
674 1161 865 1248 appellatur
886 1161 915 1226 lc
936 1160 1070 1241 Intole,
1087 1162 1211 1229 directe
1227 1184 1332 1249 usque

276 1264 320 1330 ad
351 1266 519 1351 spinetum
552 1265 593 1330 de
625 1264 773 1342 Jattone,
805 1285 872 1328 una
903 1285 978 1329 cum
1010 1264 1076 1329 illis
1108 1263 1215 1330 tribus
1246 1265 1331 1332 acris

275 1372 372 1432 tenne
394 1372 430 1432 et
451 1367 591 1432 dimidia
620 1366 665 1431 ad
695 1372 824 1451 portam
859 1365 900 1430 de
924 1365 1131 1430 Fouleswike
1165 1387 1263 1452 super
1294 1366 1331 1433 la

272 1469 417 1534 Boouata.
465 1467 520 1534 Ita
542 1475 655 1534 tamen
677 1467 765 1553 quod
792 1489 860 1552 prae
891 1466 1022 1534 defectu
1044 1468 1219 1536 clarrsturae
1253 1491 1331 1548 suae,

275 1569 388 1636 averia
410 1575 525 1636 nostra
546 1591 605 1636 seu
627 1569 801 1636 hominum
823 1576 1012 1637 nostrorum
1035 1594 1134 1659 super
1156 1574 1330 1660 praedictas

275 1677 380 1738 terras
402 1672 548 1750 inventa,
571 1671 664 1738 nullo
698 1678 844 1758 tempore
879 1673 1007 1758 possint
1040 1673 1237 1759 imparkare,
1270 1681 1331 1741 aut

274 1774 403 1861 aliquas
441 1774 596 1840 emendas
634 1795 749 1860 capere
787 1773 841 1840 vel
880 1775 1018 1861 exigere.
1070 1776 1141 1842 Nos
1178 1799 1257 1844 vero
1295 1785 1330 1844 et

274 1898 473 1944 successores
495 1875 600 1943 nostri
630 1881 736 1942 totam
759 1877 952 1962 praediotam
981 1883 1103 1943 terram
1126 1900 1200 1944 oum
1224 1881 1330 1945 omni-

274 1979 336 2044 bus
359 1980 428 2044 suis
449 1978 669 2066 pertinentiis,
701 1978 869 2066 praedictis
899 1979 1013 2044 abbati
1036 1986 1070 2046 ct
1093 1982 1273 2048 conventui
1294 1988 1330 2050 et

273 2103 386 2148 eorum
409 2081 657 2159 successoribus,
683 2081 769 2148 sicut
793 2083 1018 2168 supradictum
1041 2086 1100 2162 est,
1122 2088 1238 2151 contra
1259 2106 1327 2151 om·

273 2205 333 2250 nes
366 2184 522 2250 mortales
553 2184 799 2270 imperpetuum
827 2185 1127 2264 warantizabimus,
1161 2189 1327 2275 acquieta-

273 2287 383 2352 bimus
415 2292 450 2352 et
480 2286 702 2354 defendemus.
750 2285 852 2352 Salvo
882 2292 995 2353 tamen
1024 2287 1142 2355 clamio
1173 2312 1327 2376 quorum-

272 2388 356 2455 hbet
377 2389 517 2456 aliorum
540 2388 718 2455 liberorum
734 2409 943 2455 communam
966 2388 1160 2456 habentium
1179 2391 1215 2456 in
1237 2393 1326 2459 clau-

272 2491 374 2556 sturis
411 2491 586 2577 praedictis.
648 2490 693 2555 Et
730 2490 767 2554 in
801 2492 1029 2556 testimonium
1063 2492 1163 2578 hujus
1197 2515 1327 2560 conces·

272 2593 374 2659 sionis
405 2601 536 2673 nostra,
557 2593 620 2660 hoc
651 2593 812 2680 scriptum
846 2593 1041 2678 bipertitum
1076 2594 1164 2660 inter
1193 2617 1253 2661 nos
1276 2604 1327 2663 est

272 2695 464 2776 confectum,
490 2703 525 2762 et
550 2695 668 2781 sigillis
699 2695 822 2760 nostris
853 2695 1044 2761 alternatim
1067 2698 1220 2783 appensis
1253 2720 1325 2764 mu-

271 2799 390 2864 nitum.
436 2797 513 2863 Hr'is
536 2796 686 2873 testibus,
709 2801 770 2864 eto.

629 3013 708 3081 Ona.
734 3013 974 3082 CCCLXXIX.

275 3165 379 3230 Carta
400 3163 539 3231 danici
561 3163 692 3230 obbatis
714 3171 743 3230 el
758 3170 937 3230 concentus
960 3163 1213 3234 nomenante
1228 3169 1326 3257 sacto

486 3265 629 3332 Woltcro
652 3265 693 3331 de
716 3265 751 3330 la
773 3263 851 3331 Solo
873 3265 914 3330 do
935 3265 1115 3351 Alyssos.

318 3403 493 3468 Universis
516 3402 642 3469 Christi
664 3401 819 3466 fidelibus
845 3422 989 3487 praesens
1011 3403 1170 3489 scriptum
1197 3405 1324 3492 inspec-
1337 3436 1484 3490 mem„

271 3505 365 3582 turis,
381 3503 568 3570 Willelmus
583 3504 647 3568 Dei
669 3504 779 3590 gratia
793 3503 898 3568 abbas
914 3503 1165 3584 Malmesburiae‚
1181 3515 1217 3572 et
1239 3508 1325 3593 ejus·
1336 3505 1438 3622 ffioe‘

271 3608 346 3672 dem
369 3607 431 3672 loci
455 3610 647 3684 conventus,
662 3605 802 3670 salutem
825 3609 983 3671 aetemsn
1007 3607 1043 3672 in
1065 3606 1216 3675 Domino.
1256 3609 1323 3676 No
1397 3609 1404 3623 '

272 3709 360 3774 verit
382 3707 581 3773 universitas
616 3713 728 3772 vestra
760 3728 820 3772 nos
853 3709 1055 3787 concessisse,
1077 3731 1137 3796 pro
1170 3713 1267 3778 nobis
1290 3720 1325 3779 et

272 3810 511 3876 successoribus
540 3809 672 3887 nostris,
695 3809 843 3875 Waltero
865 3808 908 3874 de
934 3810 967 3875 la
990 3809 1066 3877 Sale
1092 3813 1133 3877 de
1156 3813 1322 3892 Alintone,

271 3913 359 3999 quod
381 3913 451 3999 ipse
482 3917 516 3977 et
545 3912 681 3977 heredes
704 3911 756 3976 sui
787 3911 991 3978 habeantet
1023 3919 1160 3980 teneant
1190 3917 1323 4001 pacifice

271 4017 515 4102 imperpetuum
537 4013 630 4079 illam
661 4013 808 4092 crostam,
832 4037 906 4100 quae
928 4037 963 4080 se
995 4017 1148 4082 extendit
1170 4039 1269 4105 super
1290 4019 1323 4084 la

270 4119 409 4196 Bourne,
433 4123 469 4182 et
490 4116 581 4182 illam
613 4115 771 4182 claudant
793 4123 828 4182 et
859 4118 895 4181 in
922 4117 1054 4183 defenso
1088 4125 1233 4198 teneant,
1255 4144 1325 4187 nna

270 4243 345 4287 cum
369 4221 428 4286 illa
453 4219 586 4285 brechia
608 4219 696 4284 inter
728 4225 848 4284 terram
872 4220 991 4305 Rogeri
1026 4221 1066 4286 de
1100 4222 1133 4287 la
1156 4223 1267 4289 Broke
1289 4232 1324 4290 et

270 4323 411 4390 Walteri
445 4323 486 4388 de
509 4321 701 4386 Witewelle.
750 4321 804 4386 Ita
826 4327 939 4386 tamen
970 4324 1058 4408 quod
1092 4346 1160 4411 prae
1192 4327 1322 4394 defectu

271 4427 446 4493 clausturee
469 4425 505 4488 in
527 4422 697 4510 praedictis
720 4423 816 4487 terris
849 4422 954 4502 facte,
978 4425 1091 4491 averia
1123 4435 1237 4493 nostra
1268 4429 1323 4494 vel

269 4549 489 4594 successorum
511 4531 708 4602 nostrorum,
733 4547 830 4610 super
853 4526 1025 4610 predictas
1048 4535 1153 4594 terras
1176 4531 1321 4608 inventa,

269 4630 362 4696 nullo
385 4613 532 4714 tempore
555 4627 683 4713 possint
715 4625 901 4711 imparkare
925 4639 984 4691 aut
1010 4627 1137 4714 aliquas
1167 4634 1321 4698 emendas
1334 4667 1352 4717 s,
1364 4673 1423 4720 251,

634 4791 641 4823 ¹
653 4789 742 4856 cidem]
757 4753 954 4842 attentatis.
