3526 5810
426 865 492 927 218
680 880 877 930 61661666
902 879 1223 930 uanussnuiuausn

425 1071 571 1131 nostiam
595 1067 809 1145 comedentes,
833 1068 873 1132 de
897 1069 1037 1153 coquina
1059 1071 1240 1131 conventus
1264 1064 1350 1128 sicut
1364 1061 1475 1128 caeteri

426 1169 546 1236 fratres
561 1171 665 1236 nostri
681 1172 716 1235 in
732 1171 902 1236 refectorio
925 1169 1131 1235 comedentes
1154 1168 1318 1254 percipere
1342 1186 1475 1231 consue-

426 1273 577 1352 vissent;
600 1273 753 1338 volumus
775 1274 864 1358 quod
887 1295 946 1338 nec
969 1272 1142 1338 celerarius
1165 1292 1226 1335 nec
1247 1269 1368 1354 aliquis
1390 1267 1475 1332 alius

426 1375 604 1441 monachus
627 1373 743 1441 domus
775 1381 904 1452 nostrae,
927 1377 963 1438 iu
996 1374 1146 1440 absentia
1178 1377 1290 1438 nostra
1312 1371 1356 1436 ad
1385 1390 1475 1434 men·

426 1499 496 1541 sam
520 1483 666 1542 nostram
690 1478 871 1554 comedens
887 1478 928 1544 de
958 1482 1076 1542 6661616
1104 1475 1231 1561 aliquid
1252 1475 1292 1540 de
1317 1472 1475 1560 praedicta

426 1581 567 1664 coquina
589 1579 757 1666 percipiat.
803 1580 855 1644 Ne
878 1585 990 1645 autem
1012 1578 1084 1644 haee
1107 1577 1251 1664 provisio
1274 1580 1308 1640 et
1330 1575 1475 1659 assigna·-

426 1682 474 1746 tio
496 1687 610 1747 nostra
632 1704 691 1767 per
722 1683 880 1767 temporis
903 1682 1066 1747 maliciam
1091 1679 1145 1744 vel
1167 1679 1378 1765 praelatorum
1401 1696 1474 1740 mu·

426 1786 586 1850 tationem
608 1785 720 1871 aliquo
744 1791 889 1872 tempore
912 1785 1016 1870 possit
1046 1783 1178 1858 irritari
1201 1782 1338 1847 eandem
1370 1777 1476 1865 sigillo

425 1886 627 1952 humilitatis
649 1893 770 1953 nostiae
808 1909 876 1951 una
914 1909 987 1951 cum
1020 1885 1128 1971 sigillo
1161 1891 1274 1949 nostro
1311 1879 1475 1948 communi

426 1987 583 2055 duximus
599 1991 824 2057 roborandam.
881 1989 1005 2055 Datum
1031 1991 1067 2053 in
1089 1987 1234 2074 capitulo
1256 1991 1369 2051 nostro
1393 1981 1475 2046 Mal-

426 2093 607 2170 mesburiae‚
643 2093 696 2156 die
735 2093 935 2157 Natiuitatis
973 2090 1069 2156 Beati
1107 2088 1269 2155 Johannis
1307 2086 1475 2172 Baptistae,

426 2216 513 2260 auno
537 2193 672 2260 Domini
696 2211 732 2260 Μ.
756 2195 980 2260 ducentesimo
1002 2193 1201 2280 octogesimo
1222 2191 1336 2277 primo.

806 2434 885 2500 Cae.
910 2433 1097 2500 CCCXLV.

429 2591 632 2677 Compositio
669 2589 708 2655 da
741 2589 914 2654 dominico
947 2587 1085 2652 domiai
1107 2586 1281 2653 ι1611666116
1303 2585 1475 2654 Mandata

661 2699 701 2757 61
724 2691 766 2756 ia
789 2689 928 2756 decimis
951 2689 1070 2755 6611166
1093 2689 1258 2774 Α691666.

259 2873 414 2936 Agrcement
470 2847 556 2912 Acta
593 2848 629 2910 in
662 2847 804 2912 crastino
843 2847 957 2916 Sancti
996 2847 1124 2912 Maroae
1164 2845 1409 2932 Euuangelistae
1441 2847 1475 2912 in

258 2939 370 3054 ffiiwff
427 2950 560 3016 ecclesia
590 2950 801 3014 conventuali
835 2949 1081 3036 Cyrencestriae,
1105 2971 1212 3015 coram
1243 2950 1388 3034 ejusdem
1415 2951 1475 3016 loci

259 3021 396 3121 mdiheey
426 3055 533 3140 priore
561 3076 581 3118 a
608 3054 741 3118 domino
761 3075 849 3140 papa
868 3055 980 3140 judice
1005 3053 1164 3140 delegato,
1186 3075 1273 3118 anno
1297 3053 1476 3119 Dominicae

259 3138 407 3256 'Sfflrgrd
427 3155 669 3221 incarnationis
715 3156 889 3220 millesimo
937 3157 1161 3221 ducentesimo
1208 3156 1476 3242 quinquagesimo

259 3271 368 3322 Mandu
427 3261 540 3345 primo,
564 3260 600 3324 in
632 3283 731 3326 causa
766 3284 840 3346 quae
870 3262 1013 3325 vertitur
1044 3261 1130 3324 inter
1164 3259 1317 3323 abbatem
1345 3265 1379 3322 et
1401 3281 1475 3324 con·

257 3340 341 3456 {232¹ss
428 3367 566 3426 ventum
583 3361 825 3428 Malmesburiae
849 3386 890 3427 cx
906 3385 974 3428 una
989 3369 1090 3448 parte,
1106 3367 1141 3426 et
1156 3367 1313 3426 rectorem
1336 3361 1477 3426 ecclesia

428 3466 468 3530 (16
493 3465 683 3531 Somerford
718 3467 859 3531 Maudut
894 3489 935 3531 ex
965 3466 1078 3543 altera,
1109 3465 1260 3552 partibus
1290 3465 1325 3528 in
1350 3465 1476 3549 judicio

427 3565 574 3653 legitime
598 3569 794 3632 constitutis.
829 3568 1000 3646 Videlicet,
1015 3591 1089 3634 cum
1107 3569 1148 3633 lis
1172 3574 1258 3633 esset
1280 3574 1370 3632 mota
1393 3568 1478 3632 inter

427 3671 601 3756 praedictos
623 3672 777 3736 abbatem
793 3677 827 3736 et
843 3677 1050 3748 conventum,
1067 3679 1101 3736 et
1122 3679 1281 3736 rectorem
1304 3670 1477 3756 piaefatum

429 3773 571 3838 ecclesiae
606 3773 646 3838 de
678 3773 865 3838 Somertord
897 3774 1046 3852 Maudut,
1070 3797 1167 3860 super
1198 3775 1332 3838 decimis
1363 3795 1478 3860 prove·

428 3875 598 3940 nientibus
629 3876 765 3940 (161616
797 3876 961 3941 dominico
991 3875 1156 3940 Johannia
1186 3877 1328 3942 Maudut
1361 3875 1478 3940 subtus

428 3977 605 4064 Angrave;
627 3983 661 4042 et
676 3977 765 4044 dicto
780 3979 898 4043 rectori
921 3984 1006 4043 esset
1021 3980 1147 4044 editum
1163 3979 1199 4042 in
1214 3979 1303 4044 huuc
1326 3978 1459 4044 modum
1472 4004 1479 4058 ;

429 4085 549 4165 petunt
585 4080 687 4146 abbas
726 4086 759 4145 et
797 4086 980 4146 conventus
1018 4081 1261 4147 Malmesburiae
1296 4105 1317 4147 a
1354 4087 1478 4147 rectore

429 4182 572 4248 ecclesiae
596 4183 637 4248 (16
661 4184 848 4248 Somcrford
879 4185 1029 4262 Maudut,
1053 4207 1165 4251 omnes
1192 4186 1336 4250 decimas
1366 4206 1479 4271 prove-

429 4287 558 4351 nientes
596 4287 636 4352 de
671 4292 742 4351 1616
778 4287 941 4353 dominico
980 4287 1143 4354 iohannis
1183 4289 1327 4354 Maudut
1363 4287 1479 4352 subtus

429 4391 594 4476 Angrave
610 4395 794 4475 spectantes
810 4389 1058 4458 ad1ecelesiam
1082 4415 1174 4458 auam
1190 4393 1231 4458 de
1247 4391 1481 4457 Malmesburia

429 4494 469 4559 (16
503 4496 578 4581 jure
616 4495 791 4571 communi,
829 4496 1033 4562 intentantes
1079 4498 1270 4584 petitorium
1304 4496 1480 4582 judicium,

430 4599 517 4684 quod
549 4599 665 4664 dicunt
698 4599 791 4664 salvo
820 4599 898 4685 jure
931 4601 1086 4678 addendi,
1120 4607 1180 4668 etc.
1240 4599 1298 4666 Lis
1332 4599 1412 4685 ipae,
1442 4602 1483 4663 61

1035 4738 1180 4746 ————-

862 4801 869 4832 ¹
888 4799 935 4868 ud]
951 4816 974 4864 a,
986 4801 1042 4852 MS.
