3526 5810
434 915 438 922 -
488 875 553 940 244
740 888 938 940 snsmrsuu
962 887 1283 938 umunsnomnusn.

860 1135 938 1202 OAP.
963 1131 1172 1202 OOCLXIII.

528 1285 630 1352 Carta
653 1285 784 1354 0110110
809 1293 839 1352 01
865 1293 1046 1354 moecatus
1065 1285 1162 1373 facta
1188 1283 1328 1351 Roberto
1354 1280 1497 1348 Stoeni.

361 1454 399 1489 οε
442 1455 456 1490 e
533 1433 706 1500 Universis
730 1435 854 1501 Christi
877 1436 1029 1500 fidelibus
1051 1456 1193 1521 praesens
1223 1433 1382 1519 scriptum
1415 1429 1536 1494 visuris

489 1535 543 1600 vel
574 1537 745 1616 audituris,
769 1536 819 1602 W.
846 1536 910 1602 Dei
941 1537 1048 1625 gratia
1084 1537 1186 1603 abbas
1224 1533 1473 1609 Malmesburire,
1503 1536 1539 1595 et

490 1637 635 1723 ejusdem
658 1639 720 1704 1001
754 1645 943 1718 conventus,
966 1640 1106 1706 salutem
1128 1645 1285 1704 aeternam
1318 1639 1355 1702 in
1386 1635 1538 1700 Domino.

491 1740 632 1806 Noverit
657 1742 856 1806 universitas
889 1747 1008 1819 vestra,
1030 1764 1089 1808 nos
1121 1741 1256 1818 dedisse,
1279 1737 1480 1815 concessisse,
1503 1743 1538 1801 et

489 1841 551 1908 hoc
572 1843 727 1928 praesenti
750 1844 872 1930 scripto
894 1849 1007 1910 nostro
1037 1843 1252 1921 confirmasse,
1275 1842 1418 1907 Roberto
1442 1839 1537 1904 Stur-

489 1966 547 2030 my
569 1944 610 2010 de
640 1945 748 2032 Segne,
772 1952 877 2011 totam
908 1946 1046 2013 crottam
1068 1946 1265 2024 idumeum
1297 1943 1481 2028 curtillagio
1503 1946 1538 2005 et

490 2046 640 2111 domibus
663 2047 769 2112 eidem
792 2048 904 2114 croftae
936 2049 1170 2134 adjacentibus,
1194 2069 1293 2132 quam
1316 2045 1484 2111 Johannes
1506 2043 1538 2106 le

490 2149 563 2234 Boy
586 2151 695 2215 tenuit
728 2150 764 2214 in
793 2150 875 2216 villa
906 2151 947 2216 de
981 2149 1230 2236 Brokeneberge
1264 2150 1305 2214 (10
1337 2148 1431 2213 feodo
1465 2147 1538 2212 Ole-

489 2251 610 2316 mentis
633 2251 772 2338 Sporun,
800 2254 836 2318 in
859 2254 1057 2320 escambium
1080 2259 1176 2318 terroe
1198 2251 1287 2316 illius
1319 2272 1418 2337 quam
1449 2250 1538 2314 idem

490 2353 652 2419 Bobertus
686 2353 805 2420 habuit
840 2356 876 2420 in
914 2355 995 2421 vilia
1033 2355 1228 2422 Oherletone
1266 2354 1353 2418 inter
1390 2353 1538 2421 clausum

490 2455 655 2540 quondam
677 2455 793 2522 Aliciae
823 2456 910 2534 Oole,
933 2461 967 2523 et
989 2463 1110 2522 terram
1142 2455 1307 2542 quondam
1330 2455 1463 2520 Ricardi
1499 2455 1539 2518 de

490 2558 523 2624 la
545 2559 656 2644 Lupe:
687 2558 876 2625 habendam
898 2565 933 2626 et
967 2560 1142 2626 tenendam
1174 2559 1365 2646 praedictam
1400 2557 1538 2622 crottam

490 2682 564 2725 cum
587 2661 772 2748 curtillagio
800 2663 964 2748 praedicto,
988 2668 1023 2728 01
1045 2662 1197 2726 domibus
1219 2661 1385 2746 praedictis
1407 2665 1442 2724 et
1464 2659 1540 2724 aliis

489 2763 697 2849 pertinentiis
734 2765 810 2842 suis,
840 2765 998 2851 praedicto
1035 2763 1180 2840 Roberto
1212 2770 1246 2829 et
1277 2762 1452 2828 heredibus
1486 2762 1540 2826 vel

489 2865 665 2952 assignatis
688 2867 765 2945 suis,
787 2866 828 2932 de
851 2867 945 2934 nobis
968 2872 1002 2932 01
1027 2867 1264 2933 successoribus
1285 2865 1406 2930 nostris
1429 2864 1540 2940 libere,

490 2966 609 3051 quiete,
631 2967 715 3032 bene
737 2968 829 3033 etin
851 2989 930 3054 pace
955 2968 1205 3055 imperpetuum.
1253 2967 1298 3031 Et
1327 2988 1387 3032 nos
1409 2976 1444 3032 et
1466 2988 1540 3032 suc·

490 3091 629 3135 cessores
652 3070 757 3136 nostri
779 3071 971 3156 praedictam
992 3071 1130 3136 crottam
1152 3092 1227 3136 cum
1248 3069 1435 3155 curtiilngio
1455 3091 1540 3157 prae-

490 3172 587 3250 dieto‚
610 3179 645 3238 et
667 3174 818 3240 domibus
840 3175 1015 3260 praedictis,
1039 3175 1196 3262 praedieto
1219 3174 1362 3239 Roberto
1385 3180 1419 3239 et
1445 3173 1540 3240 here-

491 3275 588 3340 dibus
610 3274 665 3341 vel
696 3276 871 3363 assignatis
898 3277 965 3342 suis
1000 3283 1114 3344 contra
1145 3299 1256 3343 omnes
1290 3275 1445 3341 monades
1477 3277 1539 3340 im-

491 3381 686 3463 perpetuum
709 3377 1005 3444 warantizabimus.
1053 3377 1148 3458 Quod
1179 3379 1206 3442 si
1229 3377 1444 3443 warantizare
1470 3397 1540 3443 non

491 3479 682 3563 poterimus,
707 3501 749 3544 ex
771 3484 853 3546 tunc
866 3481 1020 3546 volumus
1035 3481 1123 3565 quod
1147 3480 1304 3565 praedicta
1326 3485 1415 3544 terra
1438 3500 1539 3564 quam

489 3581 667 3665 praedictus
690 3581 853 3647 Robertus
875 3582 971 3647 nobis
993 3582 1086 3648 dedit
1107 3582 1145 3647 in
1165 3581 1248 3648 villa
1269 3583 1310 3646 de
1333 3581 1540 3658 Cherletone,

490 3683 534 3746 ad
567 3684 675 3770 ipsum
697 3685 879 3750 Bobertum
911 3691 946 3750 et
976 3683 1112 3750 heredes
1146 3707 1221 3751 suos
1252 3689 1446 3752 revertatur.
1494 3685 1541 3751 Et

491 3790 530 3849 ut
552 3785 623 3852 haec
654 3786 788 3853 donatio
810 3793 845 3852 et
875 3787 1037 3854 concessio
1068 3793 1181 3853 nostra
1211 3787 1307 3852 fi1ma
1336 3788 1381 3852 sit
1403 3792 1438 3853 et
1472 3794 1541 3854 sta-

490 3886 575 3964 bilis,
608 3886 671 3953 hoo
707 3888 866 3975 scriptum
901 3889 1007 3954 cidem
1041 3888 1184 3955 Roberto
1217 3889 1361 3966 facimus,
1388 3896 1422 3954 et
1452 3889 1542 3955 illud

491 3988 607 4074 sigillis
630 3991 751 4054 nostris
782 3990 995 4077 signavimus.
1042 3991 1118 4056 Hiis
1140 3991 1288 4068 testibus,
1316 3991 1457 4056 dominis
1479 3993 1541 4057 Jo-

490 4089 599 4156 hanne
622 4091 771 4170 Maudut,
800 4091 947 4158 Galfrido
979 4093 1020 4158 de
1043 4093 1155 4171 Morle,
1182 4091 1352 4172 militibus,
1383 4092 1541 4159 Johanna

491 4191 531 4255 (10
554 4193 811 4278 Hanekyntone‚
835 4193 977 4260 Roberto
1004 4199 1038 4260 et
1060 4195 1201 4260 Ricardo
1233 4194 1273 4259 (10
1304 4193 1337 4259 10
1359 4195 1432 4273 Lea
1455 4193 1542 4282 wy-

490 4293 583 4358 berto
606 4294 647 4359 (10
670 4295 873 4374 Cherletone‚
890 4297 1018 4384 Rogoro
1040 4297 1108 4362 filio
1124 4296 1243 4384 Rogeri
1267 4297 1307 4361 (10
1331 4296 1543 4377 Cherletone,

491 4395 635 4462 Hemico
657 4397 688 4464 le
712 4397 806 4484 Scay,
829 4398 995 4464 Willelmo
1018 4401 1058 4464 (10
1081 4399 1360 4486 Thethingedone,
1384 4405 1418 4464 01
1440 4400 1528 4466 aliis
