<?xml version="1.0" encoding="UTF-8"?>
<!DOCTYPE html PUBLIC "-//W3C//DTD XHTML 1.0 Transitional//EN"
    "http://www.w3.org/TR/xhtml1/DTD/xhtml1-transitional.dtd">
<html xmlns="http://www.w3.org/1999/xhtml" xml:lang="en" lang="en">
 <head>
  <title>
</title>
<meta http-equiv="Content-Type" content="text/html;charset=utf-8" />
  <meta name='ocr-system' content='tesseract 3.04.00' />
  <meta name='ocr-capabilities' content='ocr_page ocr_carea ocr_par ocr_line ocrx_word'/>
</head>
<body>
  <div class='ocr_page' id='page_1' title='image "./registrummalmes00martgoog_0467.png"; bbox 0 0 3524 5808; ppageno 0'>
   <div class='ocr_carea' id='block_1_1' title="bbox 660 911 1296 979">
    <p class='ocr_par' dir='ltr' id='par_1_1' title="bbox 660 911 1296 979">
     <span class='ocr_line' id='line_1_1' title="bbox 660 911 1296 979; baseline 0.003 -3"><span class='ocrx_word' id='word_1_1' title='bbox 660 922 836 978; x_wconf 76' lang='lat' dir='ltr'>nrrnumx</span> <span class='ocrx_word' id='word_1_2' title='bbox 862 929 883 978; x_wconf 87' lang='lat'>1.</span> <span class='ocrx_word' id='word_1_3' title='bbox 1232 911 1296 979; x_wconf 76' lang='lat'>373</span> 
     </span>
    </p>
   </div>
   <div class='ocr_carea' id='block_1_2' title="bbox 244 1115 1300 2026">
    <p class='ocr_par' dir='ltr' id='par_1_2' title="bbox 244 1115 1300 2026">
     <span class='ocr_line' id='line_1_2' title="bbox 251 1115 1297 1205; baseline -0.004 -23"><span class='ocrx_word' id='word_1_4' title='bbox 251 1119 334 1184; x_wconf 86' lang='lat' dir='ltr'>tiam</span> <span class='ocrx_word' id='word_1_5' title='bbox 356 1117 491 1205; x_wconf 84' lang='lat' dir='ltr'>garbam</span> <span class='ocrx_word' id='word_1_6' title='bbox 522 1115 661 1202; x_wconf 77' lang='lat' dir='ltr'>singulis</span> <span class='ocrx_word' id='word_1_7' title='bbox 684 1117 780 1181; x_wconf 87' lang='lat' dir='ltr'>annis</span> <span class='ocrx_word' id='word_1_8' title='bbox 804 1117 845 1181; x_wconf 88' lang='lat' dir='ltr'>de</span> <span class='ocrx_word' id='word_1_9' title='bbox 868 1115 994 1182; x_wconf 81' lang='lat' dir='ltr'>decima</span> <span class='ocrx_word' id='word_1_10' title='bbox 1016 1115 1138 1201; x_wconf 85' lang='lat' dir='ltr'>viginti</span> <span class='ocrx_word' id='word_1_11' title='bbox 1161 1118 1195 1178; x_wconf 86' lang='lat' dir='ltr'>et</span> <span class='ocrx_word' id='word_1_12' title='bbox 1217 1133 1297 1198; x_wconf 88' lang='lat' dir='ltr'>qua-</span> 
     </span>
     <span class='ocr_line' id='line_1_3' title="bbox 248 1215 1297 1308; baseline -0.007 -23"><span class='ocrx_word' id='word_1_13' title='bbox 248 1227 325 1287; x_wconf 88' lang='lat' dir='ltr'>tuor</span> <span class='ocrx_word' id='word_1_14' title='bbox 339 1222 544 1308; x_wconf 84' lang='lat' dir='ltr'>virgatarum</span> <span class='ocrx_word' id='word_1_15' title='bbox 569 1226 667 1284; x_wconf 86' lang='lat' dir='ltr'>terrae</span> <span class='ocrx_word' id='word_1_16' title='bbox 692 1219 729 1283; x_wconf 93' lang='lat' dir='ltr'>in</span> <span class='ocrx_word' id='word_1_17' title='bbox 753 1217 953 1284; x_wconf 79' lang='lat' dir='ltr'>Gredewelle</span> <span class='ocrx_word' id='word_1_18' title='bbox 976 1222 1011 1282; x_wconf 87' lang='lat' dir='ltr'>et</span> <span class='ocrx_word' id='word_1_19' title='bbox 1025 1217 1062 1281; x_wconf 93' lang='lat' dir='ltr'>in</span> <span class='ocrx_word' id='word_1_20' title='bbox 1084 1215 1297 1302; x_wconf 86' lang='lat' dir='ltr'>Nywentone</span> 
     </span>
     <span class='ocr_line' id='line_1_4' title="bbox 248 1317 1297 1411; baseline -0.008 -23"><span class='ocrx_word' id='word_1_21' title='bbox 248 1325 501 1411; x_wconf 74' lang='lat' dir='ltr'><strong>imperpetuum,</strong></span> <span class='ocrx_word' id='word_1_22' title='bbox 525 1327 560 1387; x_wconf 92' lang='lat' dir='ltr'>et</span> <span class='ocrx_word' id='word_1_23' title='bbox 591 1321 621 1386; x_wconf 88' lang='lat' dir='ltr'>si</span> <span class='ocrx_word' id='word_1_24' title='bbox 651 1321 812 1407; x_wconf 73' lang='lat' dir='ltr'>praedicta</span> <span class='ocrx_word' id='word_1_25' title='bbox 844 1321 943 1386; x_wconf 87' lang='lat' dir='ltr'>tertia</span> <span class='ocrx_word' id='word_1_26' title='bbox 965 1319 1068 1407; x_wconf 83' lang='lat' dir='ltr'>garba</span> <span class='ocrx_word' id='word_1_27' title='bbox 1090 1319 1226 1384; x_wconf 78' lang='lat' dir='ltr'>decimas</span> <span class='ocrx_word' id='word_1_28' title='bbox 1255 1317 1297 1381; x_wconf 86' lang='lat' dir='ltr'>de</span> 
     </span>
     <span class='ocr_line' id='line_1_5' title="bbox 248 1419 1299 1514; baseline -0.011 -20"><span class='ocrx_word' id='word_1_29' title='bbox 248 1426 414 1514; x_wconf 80' lang='lat' dir='ltr'>praedietis</span> <span class='ocrx_word' id='word_1_30' title='bbox 429 1425 553 1512; x_wconf 83' lang='lat' dir='ltr'>viginti</span> <span class='ocrx_word' id='word_1_31' title='bbox 579 1429 614 1489; x_wconf 90' lang='lat' dir='ltr'>et</span> <span class='ocrx_word' id='word_1_32' title='bbox 629 1429 772 1509; x_wconf 89' lang='lat' dir='ltr'>quatuor</span> <span class='ocrx_word' id='word_1_33' title='bbox 787 1423 925 1509; x_wconf 85' lang='lat' dir='ltr'>virgatis</span> <span class='ocrx_word' id='word_1_34' title='bbox 949 1427 1045 1487; x_wconf 83' lang='lat' dir='ltr'>terrae</span> <span class='ocrx_word' id='word_1_35' title='bbox 1067 1443 1134 1487; x_wconf 90' lang='lat' dir='ltr'>non</span> <span class='ocrx_word' id='word_1_36' title='bbox 1157 1419 1299 1485; x_wconf 84' lang='lat' dir='ltr'>sufficiat</span> 
     </span>
     <span class='ocr_line' id='line_1_6' title="bbox 248 1523 1299 1612; baseline -0.009 -18"><span class='ocrx_word' id='word_1_37' title='bbox 248 1530 291 1594; x_wconf 87' lang='lat' dir='ltr'>ad</span> <span class='ocrx_word' id='word_1_38' title='bbox 313 1529 461 1594; x_wconf 85' lang='lat' dir='ltr'>valorem</span> <span class='ocrx_word' id='word_1_39' title='bbox 492 1527 628 1593; x_wconf 79' lang='lat' dir='ltr'>decimae</span> <span class='ocrx_word' id='word_1_40' title='bbox 651 1526 692 1591; x_wconf 89' lang='lat' dir='ltr'>de</span> <span class='ocrx_word' id='word_1_41' title='bbox 724 1525 891 1612; x_wconf 67' lang='lat' dir='ltr'>praedictis</span> <span class='ocrx_word' id='word_1_42' title='bbox 923 1524 1069 1610; x_wconf 89' lang='lat' dir='ltr'>quinque</span> <span class='ocrx_word' id='word_1_43' title='bbox 1100 1523 1299 1588; x_wconf 71' lang='lat' dir='ltr'>tenementis</span> 
     </span>
     <span class='ocr_line' id='line_1_7' title="bbox 249 1624 1298 1716; baseline -0.008 -20"><span class='ocrx_word' id='word_1_44' title='bbox 249 1633 289 1697; x_wconf 88' lang='lat' dir='ltr'>de</span> <span class='ocrx_word' id='word_1_45' title='bbox 312 1631 513 1709; x_wconf 88' lang='lat' dir='ltr'>Muleborne,</span> <span class='ocrx_word' id='word_1_46' title='bbox 537 1629 731 1716; x_wconf 77' lang='lat' dir='ltr'>suppleatur</span> <span class='ocrx_word' id='word_1_47' title='bbox 763 1629 910 1695; x_wconf 84' lang='lat' dir='ltr'>defectus</span> <span class='ocrx_word' id='word_1_48' title='bbox 944 1629 985 1692; x_wconf 91' lang='lat' dir='ltr'>de</span> <span class='ocrx_word' id='word_1_49' title='bbox 1015 1627 1181 1692; x_wconf 86' lang='lat' dir='ltr'>frumento</span> <span class='ocrx_word' id='word_1_50' title='bbox 1212 1624 1298 1690; x_wconf 88' lang='lat' dir='ltr'>deoi-</span> 
     </span>
     <span class='ocr_line' id='line_1_8' title="bbox 249 1726 1300 1800; baseline -0.006 -2"><span class='ocrx_word' id='word_1_51' title='bbox 249 1755 377 1800; x_wconf 89' lang='lat' dir='ltr'>marum</span> <span class='ocrx_word' id='word_1_52' title='bbox 401 1734 441 1799; x_wconf 87' lang='lat' dir='ltr'>de</span> <span class='ocrx_word' id='word_1_53' title='bbox 465 1733 610 1799; x_wconf 90' lang='lat' dir='ltr'>Kemele.</span> <span class='ocrx_word' id='word_1_54' title='bbox 667 1731 884 1798; x_wconf 90' lang='lat' dir='ltr'>Prohibentes</span> <span class='ocrx_word' id='word_1_55' title='bbox 906 1731 969 1796; x_wconf 87' lang='lat' dir='ltr'>sub</span> <span class='ocrx_word' id='word_1_56' title='bbox 991 1727 1169 1797; x_wconf 87' lang='lat' dir='ltr'>offensione</span> <span class='ocrx_word' id='word_1_57' title='bbox 1192 1726 1300 1792; x_wconf 82' lang='lat' dir='ltr'>divini</span> 
     </span>
     <span class='ocr_line' id='line_1_9' title="bbox 244 1831 1299 1922; baseline -0.006 -22"><span class='ocrx_word' id='word_1_58' title='bbox 244 1836 372 1922; x_wconf 85' lang='lat' dir='ltr'>judieii,</span> <span class='ocrx_word' id='word_1_59' title='bbox 403 1856 445 1901; x_wconf 88' lang='lat' dir='ltr'>ne</span> <span class='ocrx_word' id='word_1_60' title='bbox 478 1836 552 1922; x_wconf 89' lang='lat' dir='ltr'>quis</span> <span class='ocrx_word' id='word_1_61' title='bbox 586 1835 673 1900; x_wconf 84' lang='lat' dir='ltr'>hano</span> <span class='ocrx_word' id='word_1_62' title='bbox 695 1839 843 1900; x_wconf 87' lang='lat' dir='ltr'>nostram</span> <span class='ocrx_word' id='word_1_63' title='bbox 867 1832 1108 1899; x_wconf 75' lang='lat' dir='ltr'>ordinationem</span> <span class='ocrx_word' id='word_1_64' title='bbox 1131 1831 1299 1896; x_wconf 87' lang='lat' dir='ltr'>infirmare</span> 
     </span>
     <span class='ocr_line' id='line_1_10' title="bbox 249 1936 1012 2026; baseline -0.001 -24"><span class='ocrx_word' id='word_1_65' title='bbox 249 1939 303 2003; x_wconf 86' lang='lat' dir='ltr'>vel</span> <span class='ocrx_word' id='word_1_66' title='bbox 325 1937 504 2026; x_wconf 78' lang='lat' dir='ltr'>infringere</span> <span class='ocrx_word' id='word_1_67' title='bbox 527 1942 716 2025; x_wconf 82' lang='lat' dir='ltr'>praesumat.</span> <span class='ocrx_word' id='word_1_68' title='bbox 763 1937 804 2002; x_wconf 90' lang='lat' dir='ltr'>In</span> <span class='ocrx_word' id='word_1_69' title='bbox 827 1936 929 2023; x_wconf 83' lang='lat' dir='ltr'>eujus,</span> <span class='ocrx_word' id='word_1_70' title='bbox 953 1941 1012 2003; x_wconf 83' lang='lat' dir='ltr'>eto.</span> 
     </span>
    </p>
   </div>
   <div class='ocr_carea' id='block_1_3' title="bbox 249 2281 1396 2596">
    <p class='ocr_par' dir='ltr' id='par_1_3' title="bbox 249 2281 1396 2596">
     <span class='ocr_line' id='line_1_11' title="bbox 249 2281 1396 2407; baseline -0.003 -21"><span class='ocrx_word' id='word_1_71' title='bbox 249 2317 450 2407; x_wconf 61' lang='lat' dir='ltr'>neeman</span> <span class='ocrx_word' id='word_1_72' title='bbox 474 2320 612 2390; x_wconf 60' lang='lat' dir='ltr'>emata</span> <span class='ocrx_word' id='word_1_73' title='bbox 640 2319 801 2390; x_wconf 67' lang='lat' dir='ltr'>utrem·</span> <span class='ocrx_word' id='word_1_74' title='bbox 824 2320 864 2388; x_wconf 74' lang='lat' dir='ltr'>a</span> <span class='ocrx_word' id='word_1_75' title='bbox 888 2321 1024 2388; x_wconf 69' lang='lat' dir='ltr'>murm</span> <span class='ocrx_word' id='word_1_76' title='bbox 1046 2319 1177 2389; x_wconf 64' lang='lat' dir='ltr'>abaco</span> <span class='ocrx_word' id='word_1_77' title='bbox 1206 2321 1362 2387; x_wconf 63' lang='lat' dir='ltr'>Maesa,</span> <span class='ocrx_word' id='word_1_78' title='bbox 1393 2281 1396 2290; x_wconf 77' lang='grc'><em>’</em></span> 
     </span>
     <span class='ocr_line' id='line_1_12' title="bbox 338 2423 1298 2510; baseline -0.002 -18"><span class='ocrx_word' id='word_1_79' title='bbox 338 2423 516 2492; x_wconf 71' lang='lat' dir='ltr'>meabarim</span> <span class='ocrx_word' id='word_1_80' title='bbox 543 2423 642 2510; x_wconf 79' lang='lat' dir='ltr'>saeta</span> <span class='ocrx_word' id='word_1_81' title='bbox 671 2423 802 2492; x_wconf 77' lang='lat' dir='ltr'>custodi</span> <span class='ocrx_word' id='word_1_82' title='bbox 832 2425 956 2492; x_wconf 70' lang='lat' dir='ltr'>altares</span> <span class='ocrx_word' id='word_1_83' title='bbox 977 2426 1088 2494; x_wconf 71' lang='lat' dir='ltr'>Beato</span> <span class='ocrx_word' id='word_1_84' title='bbox 1109 2424 1236 2492; x_wconf 68' lang='lat' dir='ltr'>Morta</span> <span class='ocrx_word' id='word_1_85' title='bbox 1257 2423 1298 2492; x_wconf 82' lang='lat' dir='ltr'>de</span> 
     </span>
     <span class='ocr_line' id='line_1_13' title="bbox 338 2527 826 2596; baseline 0 -2"><span class='ocrx_word' id='word_1_86' title='bbox 338 2527 454 2595; x_wconf 72' lang='lat' dir='ltr'>ratiti.</span> <span class='ocrx_word' id='word_1_87' title='bbox 477 2527 577 2596; x_wconf 81' lang='lat' dir='ltr'>aereis</span> <span class='ocrx_word' id='word_1_88' title='bbox 599 2527 826 2596; x_wconf 68' lang='lat' dir='ltr'>inveniendis.</span> 
     </span>
    </p>
   </div>
   <div class='ocr_carea' id='block_1_4' title="bbox 295 2781 1422 2902">
    <p class='ocr_par' dir='ltr' id='par_1_4' title="bbox 295 2781 1422 2902">
     <span class='ocr_line' id='line_1_14' title="bbox 295 2781 1422 2902; baseline 0.004 -54"><span class='ocrx_word' id='word_1_89' title='bbox 295 2781 457 2848; x_wconf 87' lang='lat' dir='ltr'>Omnibus</span> <span class='ocrx_word' id='word_1_90' title='bbox 489 2789 612 2850; x_wconf 86' lang='lat' dir='ltr'>sanotae</span> <span class='ocrx_word' id='word_1_91' title='bbox 644 2783 760 2850; x_wconf 90' lang='lat' dir='ltr'>matris</span> <span class='ocrx_word' id='word_1_92' title='bbox 791 2783 934 2852; x_wconf 74' lang='lat' dir='ltr'>ecclesiae</span> <span class='ocrx_word' id='word_1_93' title='bbox 956 2785 1042 2866; x_wconf 90' lang='lat' dir='ltr'>filiis,</span> <span class='ocrx_word' id='word_1_94' title='bbox 1066 2789 1101 2851; x_wconf 90' lang='lat' dir='ltr'>et</span> <span class='ocrx_word' id='word_1_95' title='bbox 1134 2785 1422 2902; x_wconf 45' lang='lat' dir='ltr'>precipuetsim}</span> 
     </span>
    </p>
   </div>
   <div class='ocr_carea' id='block_1_5' title="bbox 250 2864 1462 4822">
    <p class='ocr_par' dir='ltr' id='par_1_5' title="bbox 250 2864 1462 3386">
     <span class='ocr_line' id='line_1_15' title="bbox 250 2864 1462 2970; baseline 0.004 -21"><span class='ocrx_word' id='word_1_96' title='bbox 250 2885 426 2950; x_wconf 77' lang='lat' dir='ltr'>abbatibus</span> <span class='ocrx_word' id='word_1_97' title='bbox 449 2892 484 2952; x_wconf 85' lang='lat' dir='ltr'>et</span> <span class='ocrx_word' id='word_1_98' title='bbox 506 2886 664 2952; x_wconf 86' lang='lat' dir='ltr'>fratribus</span> <span class='ocrx_word' id='word_1_99' title='bbox 688 2887 723 2951; x_wconf 94' lang='lat' dir='ltr'>in</span> <span class='ocrx_word' id='word_1_100' title='bbox 738 2887 1023 2953; x_wconf 82' lang='lat' dir='ltr'>Malmesburionsi</span> <span class='ocrx_word' id='word_1_101' title='bbox 1046 2889 1181 2953; x_wconf 88' lang='lat' dir='ltr'>cenobio</span> <span class='ocrx_word' id='word_1_102' title='bbox 1203 2889 1298 2954; x_wconf 87' lang='lat' dir='ltr'>nobis</span> <span class='ocrx_word' id='word_1_103' title='bbox 1311 2864 1462 2970; x_wconf 62' lang='lat' dir='ltr'>ibbbbefor</span> 
     </span>
     <span class='ocr_line' id='line_1_16' title="bbox 251 2986 1430 3103; baseline 0.003 -51"><span class='ocrx_word' id='word_1_104' title='bbox 251 2987 456 3066; x_wconf 85' lang='lat' dir='ltr'>suceessuris,</span> <span class='ocrx_word' id='word_1_105' title='bbox 488 2989 590 3054; x_wconf 86' lang='lat' dir='ltr'>frater</span> <span class='ocrx_word' id='word_1_106' title='bbox 615 2987 808 3067; x_wconf 72' lang='lat' dir='ltr'>WillelmuS,</span> <span class='ocrx_word' id='word_1_107' title='bbox 843 2989 922 3056; x_wconf 86' lang='lat' dir='ltr'>lieet</span> <span class='ocrx_word' id='word_1_108' title='bbox 953 2989 1110 3076; x_wconf 84' lang='lat' dir='ltr'>indignus</span> <span class='ocrx_word' id='word_1_109' title='bbox 1145 2991 1298 3056; x_wconf 88' lang='lat' dir='ltr'>Malmes-</span> <span class='ocrx_word' id='word_1_110' title='bbox 1312 2986 1430 3103; x_wconf 58' lang='lat' dir='ltr'>{jffiss</span> 
     </span>
     <span class='ocr_line' id='line_1_17' title="bbox 250 3093 1460 3183; baseline 0.003 -24"><span class='ocrx_word' id='word_1_111' title='bbox 250 3094 412 3160; x_wconf 84' lang='lat' dir='ltr'>buriensis</span> <span class='ocrx_word' id='word_1_112' title='bbox 427 3093 569 3160; x_wconf 84' lang='lat' dir='ltr'>eoolesiae</span> <span class='ocrx_word' id='word_1_113' title='bbox 593 3093 744 3160; x_wconf 81' lang='lat' dir='ltr'>minister</span> <span class='ocrx_word' id='word_1_114' title='bbox 766 3095 910 3172; x_wconf 90' lang='lat' dir='ltr'>humilis,</span> <span class='ocrx_word' id='word_1_115' title='bbox 934 3096 1074 3160; x_wconf 87' lang='lat' dir='ltr'>salutem</span> <span class='ocrx_word' id='word_1_116' title='bbox 1097 3095 1133 3159; x_wconf 92' lang='lat' dir='ltr'>in</span> <span class='ocrx_word' id='word_1_117' title='bbox 1156 3095 1299 3162; x_wconf 88' lang='lat' dir='ltr'>Domino</span> <span class='ocrx_word' id='word_1_118' title='bbox 1314 3120 1460 3183; x_wconf 58' lang='lat' dir='ltr'>semma</span> 
     </span>
     <span class='ocr_line' id='line_1_18' title="bbox 251 3185 1412 3285; baseline 0.003 -24"><span class='ocrx_word' id='word_1_119' title='bbox 251 3195 492 3283; x_wconf 87' lang='lat' dir='ltr'>sempiternam.</span> <span class='ocrx_word' id='word_1_120' title='bbox 532 3197 697 3278; x_wconf 80' lang='lat' dir='ltr'>Quoniam</span> <span class='ocrx_word' id='word_1_121' title='bbox 720 3197 807 3264; x_wconf 84' lang='lat' dir='ltr'>saeta</span> <span class='ocrx_word' id='word_1_122' title='bbox 822 3197 1011 3262; x_wconf 88' lang='lat' dir='ltr'>mortalium</span> <span class='ocrx_word' id='word_1_123' title='bbox 1034 3219 1093 3285; x_wconf 87' lang='lat' dir='ltr'>per</span> <span class='ocrx_word' id='word_1_124' title='bbox 1114 3202 1300 3285; x_wconf 89' lang='lat' dir='ltr'>temporum</span> <span class='ocrx_word' id='word_1_125' title='bbox 1313 3185 1412 3251; x_wconf 65' lang='lat' dir='ltr'>stapel.</span> 
     </span>
     <span class='ocr_line' id='line_1_19' title="bbox 253 3299 1301 3386; baseline 0.005 -24"><span class='ocrx_word' id='word_1_126' title='bbox 253 3299 469 3365; x_wconf 86' lang='lat' dir='ltr'>variationem</span> <span class='ocrx_word' id='word_1_127' title='bbox 504 3304 538 3364; x_wconf 89' lang='lat' dir='ltr'>et</span> <span class='ocrx_word' id='word_1_128' title='bbox 561 3299 774 3386; x_wconf 69' lang='lat' dir='ltr'>praelatorum</span> <span class='ocrx_word' id='word_1_129' title='bbox 808 3301 1028 3365; x_wconf 86' lang='lat' dir='ltr'>mutationem</span> <span class='ocrx_word' id='word_1_130' title='bbox 1063 3299 1223 3367; x_wconf 85' lang='lat' dir='ltr'>oblivioni</span> <span class='ocrx_word' id='word_1_131' title='bbox 1261 3301 1301 3367; x_wconf 87' lang='lat' dir='ltr'>de</span> 
     </span>
    </p>

    <p class='ocr_par' dir='ltr' id='par_1_6' title="bbox 252 3401 1301 3490">
     <span class='ocr_line' id='line_1_20' title="bbox 252 3401 1301 3490; baseline 0.006 -26"><span class='ocrx_word' id='word_1_132' title='bbox 252 3401 340 3468; x_wconf 81' lang='lat' dir='ltr'>facili</span> <span class='ocrx_word' id='word_1_133' title='bbox 374 3401 563 3480; x_wconf 82' lang='lat' dir='ltr'>traduntur,</span> <span class='ocrx_word' id='word_1_134' title='bbox 596 3402 663 3468; x_wconf 88' lang='lat' dir='ltr'>nisi</span> <span class='ocrx_word' id='word_1_135' title='bbox 697 3403 868 3490; x_wconf 82' lang='lat' dir='ltr'>scripturae</span> <span class='ocrx_word' id='word_1_136' title='bbox 900 3403 1060 3470; x_wconf 84' lang='lat' dir='ltr'>beneficio</span> <span class='ocrx_word' id='word_1_137' title='bbox 1097 3404 1301 3483; x_wconf 89' lang='lat' dir='ltr'>muniantur,</span> 
     </span>
    </p>

    <p class='ocr_par' dir='ltr' id='par_1_7' title="bbox 252 3503 1302 3594">
     <span class='ocr_line' id='line_1_21' title="bbox 252 3503 1302 3594; baseline 0.003 -23"><span class='ocrx_word' id='word_1_138' title='bbox 252 3503 296 3571; x_wconf 87' lang='lat' dir='ltr'>ad</span> <span class='ocrx_word' id='word_1_139' title='bbox 332 3505 560 3571; x_wconf 85' lang='lat' dir='ltr'>universitatis</span> <span class='ocrx_word' id='word_1_140' title='bbox 593 3511 712 3572; x_wconf 74' lang='lat' dir='ltr'>vestrae</span> <span class='ocrx_word' id='word_1_141' title='bbox 750 3506 906 3573; x_wconf 87' lang='lat' dir='ltr'>notitiam</span> <span class='ocrx_word' id='word_1_142' title='bbox 938 3507 1091 3574; x_wconf 85' lang='lat' dir='ltr'>volumus</span> <span class='ocrx_word' id='word_1_143' title='bbox 1121 3507 1302 3594; x_wconf 87' lang='lat' dir='ltr'>pervenire,</span> 
     </span>
    </p>

    <p class='ocr_par' dir='ltr' id='par_1_8' title="bbox 253 3608 1303 3696">
     <span class='ocr_line' id='line_1_22' title="bbox 253 3608 1303 3696; baseline 0.005 -24"><span class='ocrx_word' id='word_1_144' title='bbox 253 3608 341 3693; x_wconf 89' lang='lat' dir='ltr'>quod</span> <span class='ocrx_word' id='word_1_145' title='bbox 363 3608 580 3676; x_wconf 78' lang='lat' dir='ltr'>eoncessimus</span> <span class='ocrx_word' id='word_1_146' title='bbox 596 3615 631 3674; x_wconf 87' lang='lat' dir='ltr'>et</span> <span class='ocrx_word' id='word_1_147' title='bbox 645 3609 887 3696; x_wconf 86' lang='lat' dir='ltr'>assignavimus</span> <span class='ocrx_word' id='word_1_148' title='bbox 909 3611 1037 3677; x_wconf 84' lang='lat' dir='ltr'>custodi</span> <span class='ocrx_word' id='word_1_149' title='bbox 1060 3611 1175 3678; x_wconf 82' lang='lat' dir='ltr'>altaris</span> <span class='ocrx_word' id='word_1_150' title='bbox 1190 3611 1303 3677; x_wconf 85' lang='lat' dir='ltr'>Beatae</span> 
     </span>
    </p>

    <p class='ocr_par' dir='ltr' id='par_1_9' title="bbox 254 3709 1304 3790">
     <span class='ocr_line' id='line_1_23' title="bbox 254 3709 1304 3790; baseline 0.001 -14"><span class='ocrx_word' id='word_1_151' title='bbox 254 3709 368 3778; x_wconf 81' lang='lat' dir='ltr'>Man&#39;ae</span> <span class='ocrx_word' id='word_1_152' title='bbox 406 3711 442 3776; x_wconf 91' lang='lat' dir='ltr'>in</span> <span class='ocrx_word' id='word_1_153' title='bbox 475 3711 610 3778; x_wconf 80' lang='lat' dir='ltr'>eeclesia</span> <span class='ocrx_word' id='word_1_154' title='bbox 648 3711 763 3778; x_wconf 83' lang='lat' dir='ltr'>Sancti</span> <span class='ocrx_word' id='word_1_155' title='bbox 786 3711 955 3778; x_wconf 88' lang='lat' dir='ltr'>Aldhelmi</span> <span class='ocrx_word' id='word_1_156' title='bbox 990 3713 1030 3778; x_wconf 88' lang='lat' dir='ltr'>de</span> <span class='ocrx_word' id='word_1_157' title='bbox 1061 3712 1304 3790; x_wconf 82' lang='lat' dir='ltr'>Mahnesburia,</span> 
     </span>
    </p>

    <p class='ocr_par' dir='ltr' id='par_1_10' title="bbox 252 3813 1304 4106">
     <span class='ocr_line' id='line_1_24' title="bbox 254 3813 1303 3902; baseline 0.004 -25"><span class='ocrx_word' id='word_1_158' title='bbox 254 3813 310 3898; x_wconf 92' lang='lat' dir='ltr'>qui</span> <span class='ocrx_word' id='word_1_159' title='bbox 345 3835 404 3900; x_wconf 85' lang='lat' dir='ltr'>pro</span> <span class='ocrx_word' id='word_1_160' title='bbox 449 3818 596 3900; x_wconf 86' lang='lat' dir='ltr'>tempore</span> <span class='ocrx_word' id='word_1_161' title='bbox 631 3813 741 3892; x_wconf 83' lang='lat' dir='ltr'>fuerit,</span> <span class='ocrx_word' id='word_1_162' title='bbox 775 3819 882 3880; x_wconf 86' lang='lat' dir='ltr'>totam</span> <span class='ocrx_word' id='word_1_163' title='bbox 917 3820 1039 3882; x_wconf 87' lang='lat' dir='ltr'>terram</span> <span class='ocrx_word' id='word_1_164' title='bbox 1073 3815 1165 3882; x_wconf 82' lang='lat' dir='ltr'>iilam</span> <span class='ocrx_word' id='word_1_165' title='bbox 1204 3837 1303 3902; x_wconf 86' lang='lat' dir='ltr'>quam</span> 
     </span>
     <span class='ocr_line' id='line_1_25' title="bbox 252 3913 1304 3994; baseline 0.004 -16"><span class='ocrx_word' id='word_1_166' title='bbox 252 3913 429 3982; x_wconf 85' lang='lat' dir='ltr'>habuimus</span> <span class='ocrx_word' id='word_1_167' title='bbox 452 3917 488 3981; x_wconf 93' lang='lat' dir='ltr'>in</span> <span class='ocrx_word' id='word_1_168' title='bbox 511 3917 620 3982; x_wconf 89' lang='lat' dir='ltr'>Parva</span> <span class='ocrx_word' id='word_1_169' title='bbox 654 3915 880 3994; x_wconf 85' lang='lat' dir='ltr'>Soheorstone,</span> <span class='ocrx_word' id='word_1_170' title='bbox 904 3939 946 3982; x_wconf 88' lang='lat' dir='ltr'>ex</span> <span class='ocrx_word' id='word_1_171' title='bbox 969 3917 1055 3983; x_wconf 90' lang='lat' dir='ltr'>dono</span> <span class='ocrx_word' id='word_1_172' title='bbox 1077 3917 1212 3984; x_wconf 83' lang='lat' dir='ltr'>Ricardi</span> <span class='ocrx_word' id='word_1_173' title='bbox 1242 3919 1304 3982; x_wconf 92' lang='lat' dir='ltr'>filii</span> 
     </span>
     <span class='ocr_line' id='line_1_26' title="bbox 253 4015 1303 4106; baseline 0.006 -26"><span class='ocrx_word' id='word_1_174' title='bbox 253 4015 389 4096; x_wconf 87' lang='lat' dir='ltr'>Avioiae,</span> <span class='ocrx_word' id='word_1_175' title='bbox 412 4039 451 4084; x_wconf 86' lang='lat' dir='ltr'>ao</span> <span class='ocrx_word' id='word_1_176' title='bbox 484 4018 622 4085; x_wconf 85' lang='lat' dir='ltr'>Roberti</span> <span class='ocrx_word' id='word_1_177' title='bbox 656 4024 692 4085; x_wconf 87' lang='lat' dir='ltr'>et</span> <span class='ocrx_word' id='word_1_178' title='bbox 723 4019 887 4085; x_wconf 89' lang='lat' dir='ltr'>Johannis</span> <span class='ocrx_word' id='word_1_179' title='bbox 919 4019 960 4085; x_wconf 88' lang='lat' dir='ltr'>de</span> <span class='ocrx_word' id='word_1_180' title='bbox 983 4019 1195 4106; x_wconf 83' lang='lat' dir='ltr'>Pynkeneye,</span> <span class='ocrx_word' id='word_1_181' title='bbox 1229 4043 1303 4106; x_wconf 85' lang='lat' dir='ltr'>quae</span> 
     </span>
    </p>

    <p class='ocr_par' dir='ltr' id='par_1_11' title="bbox 254 4119 1304 4307">
     <span class='ocr_line' id='line_1_27' title="bbox 254 4119 1304 4206; baseline 0.004 -23"><span class='ocrx_word' id='word_1_182' title='bbox 254 4119 343 4184; x_wconf 87' lang='lat' dir='ltr'>valet</span> <span class='ocrx_word' id='word_1_183' title='bbox 380 4141 439 4206; x_wconf 90' lang='lat' dir='ltr'>per</span> <span class='ocrx_word' id='word_1_184' title='bbox 473 4143 597 4186; x_wconf 89' lang='lat' dir='ltr'>annum</span> <span class='ocrx_word' id='word_1_185' title='bbox 631 4143 733 4187; x_wconf 87' lang='lat' dir='ltr'>unam</span> <span class='ocrx_word' id='word_1_186' title='bbox 766 4143 917 4202; x_wconf 85' lang='lat' dir='ltr'>maroam,</span> <span class='ocrx_word' id='word_1_187' title='bbox 952 4121 1059 4188; x_wconf 87' lang='lat' dir='ltr'>eidem</span> <span class='ocrx_word' id='word_1_188' title='bbox 1097 4121 1226 4189; x_wconf 83' lang='lat' dir='ltr'>custodi</span> <span class='ocrx_word' id='word_1_189' title='bbox 1261 4123 1304 4188; x_wconf 85' lang='lat' dir='ltr'>ad</span> 
     </span>
     <span class='ocr_line' id='line_1_28' title="bbox 254 4223 1303 4307; baseline 0.004 -23"><span class='ocrx_word' id='word_1_190' title='bbox 254 4226 396 4307; x_wconf 85' lang='lat' dir='ltr'>quatuor</span> <span class='ocrx_word' id='word_1_191' title='bbox 418 4223 498 4288; x_wconf 88' lang='lat' dir='ltr'>anni</span> <span class='ocrx_word' id='word_1_192' title='bbox 521 4223 679 4288; x_wconf 85' lang='lat' dir='ltr'>terminos</span> <span class='ocrx_word' id='word_1_193' title='bbox 703 4223 905 4291; x_wconf 87' lang='lat' dir='ltr'>solvendam.</span> <span class='ocrx_word' id='word_1_194' title='bbox 952 4223 997 4288; x_wconf 89' lang='lat' dir='ltr'>Et</span> <span class='ocrx_word' id='word_1_195' title='bbox 1020 4224 1122 4290; x_wconf 90' lang='lat' dir='ltr'>etiam</span> <span class='ocrx_word' id='word_1_196' title='bbox 1145 4224 1303 4289; x_wconf 86' lang='lat' dir='ltr'>medieta-</span> 
     </span>
    </p>

    <p class='ocr_par' dir='ltr' id='par_1_12' title="bbox 253 4323 1305 4617">
     <span class='ocr_line' id='line_1_29' title="bbox 253 4323 1305 4411; baseline 0.002 -22"><span class='ocrx_word' id='word_1_197' title='bbox 253 4329 321 4389; x_wconf 82' lang='lat' dir='ltr'>tem</span> <span class='ocrx_word' id='word_1_198' title='bbox 343 4323 552 4391; x_wconf 78' lang='lat' dir='ltr'>illius&#39;terrae</span> <span class='ocrx_word' id='word_1_199' title='bbox 576 4347 650 4411; x_wconf 84' lang='lat' dir='ltr'>quae</span> <span class='ocrx_word' id='word_1_200' title='bbox 673 4325 739 4390; x_wconf 85' lang='lat' dir='ltr'>fuit</span> <span class='ocrx_word' id='word_1_201' title='bbox 753 4325 912 4392; x_wconf 88' lang='lat' dir='ltr'>Willelmi</span> <span class='ocrx_word' id='word_1_202' title='bbox 935 4325 1080 4392; x_wconf 89' lang='lat' dir='ltr'>Nobelot</span> <span class='ocrx_word' id='word_1_203' title='bbox 1101 4327 1138 4391; x_wconf 92' lang='lat' dir='ltr'>in</span> <span class='ocrx_word' id='word_1_204' title='bbox 1160 4325 1242 4390; x_wconf 88' lang='lat' dir='ltr'>villa</span> <span class='ocrx_word' id='word_1_205' title='bbox 1264 4327 1305 4391; x_wconf 90' lang='lat' dir='ltr'>de</span> 
     </span>
     <span class='ocr_line' id='line_1_30' title="bbox 255 4425 1305 4513; baseline 0 -23"><span class='ocrx_word' id='word_1_206' title='bbox 255 4425 512 4512; x_wconf 71' lang='lat' dir='ltr'>Hunekyntona</span> <span class='ocrx_word' id='word_1_207' title='bbox 535 4447 635 4513; x_wconf 83' lang='lat' dir='ltr'>quarn</span> <span class='ocrx_word' id='word_1_208' title='bbox 667 4427 844 4492; x_wconf 85' lang='lat' dir='ltr'>habuimus</span> <span class='ocrx_word' id='word_1_209' title='bbox 868 4451 910 4494; x_wconf 81' lang='lat' dir='ltr'>ex</span> <span class='ocrx_word' id='word_1_210' title='bbox 941 4429 1027 4494; x_wconf 88' lang='lat' dir='ltr'>dono</span> <span class='ocrx_word' id='word_1_211' title='bbox 1051 4427 1209 4492; x_wconf 86' lang='lat' dir='ltr'>Wiilelmi</span> <span class='ocrx_word' id='word_1_212' title='bbox 1243 4427 1305 4490; x_wconf 88' lang='lat' dir='ltr'>filii</span> 
     </span>
     <span class='ocr_line' id='line_1_31' title="bbox 253 4527 1305 4617; baseline 0.004 -25"><span class='ocrx_word' id='word_1_213' title='bbox 253 4527 437 4616; x_wconf 85' lang='lat' dir='ltr'>Wymundi</span> <span class='ocrx_word' id='word_1_214' title='bbox 461 4529 501 4596; x_wconf 87' lang='lat' dir='ltr'>de</span> <span class='ocrx_word' id='word_1_215' title='bbox 517 4529 711 4617; x_wconf 85' lang='lat' dir='ltr'>Coubrigge,</span> <span class='ocrx_word' id='word_1_216' title='bbox 728 4535 762 4595; x_wconf 86' lang='lat' dir='ltr'>et</span> <span class='ocrx_word' id='word_1_217' title='bbox 785 4553 883 4617; x_wconf 85' lang='lat' dir='ltr'>quam</span> <span class='ocrx_word' id='word_1_218' title='bbox 898 4531 1064 4597; x_wconf 86' lang='lat' dir='ltr'>Amaldus</span> <span class='ocrx_word' id='word_1_219' title='bbox 1087 4531 1128 4595; x_wconf 85' lang='lat' dir='ltr'>de</span> <span class='ocrx_word' id='word_1_220' title='bbox 1151 4530 1184 4595; x_wconf 91' lang='lat' dir='ltr'>la</span> <span class='ocrx_word' id='word_1_221' title='bbox 1200 4529 1305 4596; x_wconf 72' lang='lat' dir='ltr'>For-de</span> 
     </span>
    </p>

    <p class='ocr_par' dir='ltr' id='par_1_13' title="bbox 254 4631 1305 4822">
     <span class='ocr_line' id='line_1_32' title="bbox 254 4631 1305 4719; baseline 0.001 -22"><span class='ocrx_word' id='word_1_222' title='bbox 254 4637 354 4698; x_wconf 80' lang='lat' dir='ltr'>tenet.</span> <span class='ocrx_word' id='word_1_223' title='bbox 398 4631 577 4699; x_wconf 84' lang='lat' dir='ltr'>Reddenda</span> <span class='ocrx_word' id='word_1_224' title='bbox 610 4635 768 4719; x_wconf 81' lang='lat' dir='ltr'>praedioto</span> <span class='ocrx_word' id='word_1_225' title='bbox 803 4635 931 4700; x_wconf 85' lang='lat' dir='ltr'>custodi</span> <span class='ocrx_word' id='word_1_226' title='bbox 954 4635 1065 4700; x_wconf 82' lang='lat' dir='ltr'>decem</span> <span class='ocrx_word' id='word_1_227' title='bbox 1102 4633 1223 4698; x_wconf 86' lang='lat' dir='ltr'>solidos</span> <span class='ocrx_word' id='word_1_228' title='bbox 1261 4634 1305 4698; x_wconf 89' lang='lat' dir='ltr'>ad</span> 
     </span>
     <span class='ocr_line' id='line_1_33' title="bbox 255 4735 1302 4822; baseline -0.001 -22"><span class='ocrx_word' id='word_1_229' title='bbox 255 4739 397 4820; x_wconf 84' lang='lat' dir='ltr'>quatuor</span> <span class='ocrx_word' id='word_1_230' title='bbox 422 4735 501 4800; x_wconf 88' lang='lat' dir='ltr'>anni</span> <span class='ocrx_word' id='word_1_231' title='bbox 524 4736 690 4801; x_wconf 80' lang='lat' dir='ltr'>terminos,</span> <span class='ocrx_word' id='word_1_232' title='bbox 737 4736 791 4801; x_wconf 92' lang='lat' dir='ltr'>Ita</span> <span class='ocrx_word' id='word_1_233' title='bbox 814 4737 901 4822; x_wconf 84' lang='lat' dir='ltr'>quod</span> <span class='ocrx_word' id='word_1_234' title='bbox 924 4737 1110 4821; x_wconf 81' lang='lat' dir='ltr'>quicunque</span> <span class='ocrx_word' id='word_1_235' title='bbox 1135 4737 1302 4801; x_wconf 85' lang='lat' dir='ltr'>tenuerint</span> 
     </span>
    </p>
   </div>
   <div class='ocr_carea' id='block_1_6' title="bbox 254 4837 1302 4925">
    <p class='ocr_par' dir='ltr' id='par_1_14' title="bbox 254 4837 1302 4925">
     <span class='ocr_line' id='line_1_34' title="bbox 254 4837 1302 4925; baseline 0.003 -24"><span class='ocrx_word' id='word_1_236' title='bbox 254 4841 359 4902; x_wconf 87' lang='lat' dir='ltr'>terras</span> <span class='ocrx_word' id='word_1_237' title='bbox 381 4837 562 4922; x_wconf 78' lang='lat' dir='ltr'>praedictas,</span> <span class='ocrx_word' id='word_1_238' title='bbox 586 4843 723 4906; x_wconf 87' lang='lat' dir='ltr'>teneant</span> <span class='ocrx_word' id='word_1_239' title='bbox 745 4838 819 4904; x_wconf 85' lang='lat' dir='ltr'>illas</span> <span class='ocrx_word' id='word_1_240' title='bbox 842 4839 882 4903; x_wconf 87' lang='lat' dir='ltr'>de</span> <span class='ocrx_word' id='word_1_241' title='bbox 906 4839 1063 4924; x_wconf 83' lang='lat' dir='ltr'>praedicto</span> <span class='ocrx_word' id='word_1_242' title='bbox 1086 4839 1220 4905; x_wconf 82' lang='lat' dir='ltr'>custode</span> <span class='ocrx_word' id='word_1_243' title='bbox 1244 4841 1302 4925; x_wconf 88' lang='lat' dir='ltr'>qui</span> 
     </span>
    </p>
   </div>
   <div class='ocr_carea' id='block_1_7' title="bbox 0 0 1778 5808">
    <p class='ocr_par' dir='ltr' id='par_1_15' title="bbox 0 0 1778 5808">
     <span class='ocr_line' id='line_1_35' title="bbox 0 0 1778 5808; baseline 0 0"><span class='ocrx_word' id='word_1_244' title='bbox 0 0 1778 5808; x_wconf 95' lang='lat' dir='ltr'> </span> 
     </span>
    </p>
   </div>
  </div>
 </body>
</html>
