3526 5810
440 874 507 939 300
693 887 891 938 nnursrsuu
915 887 1237 936 unnurssunmusn.

439 1076 565 1153 ventui,
588 1075 710 1162 viginti
733 1096 825 1142 acras
847 1067 882 1142 et
911 1097 1012 1141 unam
1043 1097 1154 1142 acram
1185 1081 1219 1142 et
1242 1077 1423 1154 dimidiam,
1458 1080 1493 1141 et

439 1198 540 1242 unam
574 1177 733 1262 perticam
767 1182 883 1256 tenae3
916 1199 1056 1263 quarum
1079 1177 1252 1244 duodecim
1274 1199 1359 1244 acrae
1377 1178 1492 1264 jacent

439 1280 475 1344 in
508 1301 575 1344 una
597 1279 703 1345 crofta
734 1301 808 1365 quae
840 1280 1027 1366 appellatur
1062 1279 1311 1365 Kynneswyke,
1349 1285 1492 1366 quatuor

438 1399 522 1448 acrae
545 1388 579 1448 et
601 1405 669 1448 una
691 1384 816 1469 pertica
838 1385 873 1448 in
889 1404 957 1448 una
972 1383 1077 1449 crofta
1096 1383 1184 1448 inter
1199 1384 1336 1449 eandem
1352 1383 1491 1449 croftam

439 1489 474 1550 et
507 1485 645 1550 croftarn
679 1485 816 1551 Roberti
855 1485 896 1550 de
934 1484 1119 1571 Haywode,
1142 1485 1178 1549 in
1210 1489 1304 1570 parte
1337 1485 1491 1550 orientali

441 1587 599 1672 rneauagii
622 1587 771 1673 praedicti
794 1587 940 1664 Boberti,
964 1592 1106 1672 quatuor
1128 1608 1212 1652 aerae
1235 1592 1271 1651 et
1294 1586 1433 1652 dimidia
1454 1586 1491 1650 in

439 1711 506 1756 una
528 1689 634 1755 crofta
651 1690 753 1775 juxta
778 1689 950 1774 Heywode
973 1689 1009 1753 in
1031 1695 1124 1774 parte
1148 1688 1342 1754 occidentali
1364 1709 1492 1754 mesua-

438 1791 484 1878 gii
507 1791 657 1877 praedicti
691 1791 837 1868 Roberti,
860 1796 984 1856 etune
1007 1812 1082 1856 acra
1113 1791 1149 1855 in
1172 1812 1287 1877 campo
1310 1792 1351 1855 de
1375 1791 1492 1876 Kyng·

439 1909 514 1958 tone
533 1893 636 1979 juxta
658 1894 747 1958 viam
764 1893 940 1959 Bathonise
962 1894 999 1957 in
1014 1899 1108 1979 parte
1131 1894 1316 1978 aquilonari
1340 1894 1381 1958 de
1396 1893 1489 1978 Hey-

437 1996 551 2061 wode:
584 1996 753 2062 habendas
785 2001 820 2062 et
847 1997 1009 2062 tenendas
1035 1996 1210 2081 praedictas
1241 1997 1364 2082 viginti
1399 2017 1491 2061 acras

391 2139 396 2147 ·
435 2103 471 2163 et
492 2119 593 2164 unam
615 2120 724 2164 aeram
748 2103 783 2164 et
805 2098 978 2163 dimidiam
1001 2103 1036 2163 et
1067 2119 1167 2163 unam
1203 2099 1362 2184 perticam
1385 2103 1489 2174 terrae,

433 2221 510 2266 cum
532 2201 662 2280 clausis,
685 2201 792 2286 hayis,
816 2201 960 2277 fossatis,
983 2201 1058 2278 riis,
1080 2200 1216 2278 semitis,
1249 2201 1433 2266 communis
1455 2206 1490 2266 et

436 2300 588 2367 omnibus
610 2302 685 2367 aliis
707 2302 919 2387 pertinentiis
935 2302 1011 2380 auis,
1028 2302 1195 2388 praedictis
1218 2302 1333 2368 abbati
1356 2307 1390 2367 et
1412 2323 1489 2368 con-

435 2404 551 2468 ventui
574 2409 609 2469 et
631 2425 744 2469 eorum
766 2403 1015 2482 successoribus,
1031 2403 1142 2481 libem,
1158 2404 1276 2488 quiete,
1299 2405 1382 2469 bene
1398 2408 1433 2470 et
1453 2408 1488 2472 in

436 2527 515 2592 paee
552 2505 804 2591 imperpetuum.
860 2505 1040 2570 Reddendo
1079 2505 1156 2570 inde
1193 2507 1367 2571 annuatim
1406 2531 1489 2596 prae·

436 2607 525 2673 dioto
556 2607 702 2673 Roberto
733 2608 773 2672 de
797 2607 970 2692 Heywode
1001 2629 1106 2671 unum
1129 2607 1302 2673 denarium
1337 2610 1372 2674 in
1406 2611 1489 2677 festo

437 2708 551 2775 Sancti
575 2708 753 2785 Michaelis,
776 2709 875 2774 etad
897 2707 1007 2794 regale
1029 2708 1214 2786 servicium,
1237 2711 1369 2794 quando
1391 2733 1489 2798 gene-

436 2810 550 2876 raliter
572 2811 683 2887 currit,
707 2810 879 2876 duodecim
903 2810 1054 2876 denarios
1076 2832 1136 2897 pro
1157 2812 1248 2876 omni
1270 2814 1417 2893 servicio,
1441 2837 1490 2880 se-

436 2912 540 2978 culari
562 2913 737 2980 exactione
760 2917 795 2978 et
817 2912 988 2978 demanda.
1051 2911 1121 2978 Nos
1145 2935 1224 2978 vero
1247 2913 1433 2981 Willelmus
1455 2923 1490 2983 et

436 3014 568 3092 Editha,
591 3019 626 3079 et
656 3012 792 3080 heredes
825 3015 940 3091 nostri,
975 3014 1150 3100 praedietas
1180 3015 1304 3102 viginti
1333 3037 1425 3084 acras
1456 3026 1489 3085 et

435 3137 536 3184 unam
559 3137 667 3182 acram
683 3121 717 3181 et
740 3116 912 3182 dimidiam
928 3121 963 3180 et
986 3137 1086 3210 unam
1102 3117 1261 3202 perticam
1284 3123 1391 3199 terrae,
1414 3143 1488 3187 cum

435 3219 588 3284 omnibus
610 3218 679 3282 suis
701 3219 919 3303 pertinentiis,
943 3219 1029 3284 sicut
1052 3219 1279 3303 supradictum
1313 3227 1371 3298 est,
1406 3243 1489 3308 prse-

435 3321 532 3387 dictis
570 3319 684 3385 abbati
722 3325 757 3385 et
794 3320 974 3386 conventui
1013 3325 1047 3384 et
1092 3340 1205 3386 eorum
1249 3325 1488 3390 successoribus

435 3428 550 3490 eontra
581 3444 694 3488 omnes
726 3421 880 3488 mortales
921 3421 1164 3507 imperpetuum
1189 3423 1487 3508 warantizabimus,

434 3523 696 3610 acquietabimus
729 3529 764 3589 et
798 3522 1018 3588 defendemus.
1066 3521 1129 3588 Pro
1159 3523 1221 3590 hac
1243 3529 1355 3590 autem
1387 3527 1487 3593 dona-

434 3627 534 3702 tione,
568 3624 774 3692 concessione
812 3629 847 3690 et
884 3625 1132 3690 confirmatione
1171 3631 1283 3691 nostra
1325 3627 1488 3696 dederunt

433 3728 529 3794 nobis
551 3728 701 3814 praedicti
724 3727 827 3793 abbas
858 3734 893 3791 ct
915 3731 1097 3792 conventus
1131 3729 1353 3813 praemanibus
1385 3735 1485 3816 quad·

434 3831 565 3917 raginta
587 3851 712 3896 marcas
735 3830 874 3915 argenti.
920 3829 966 3893 Et
989 3835 1027 3893 ut
1048 3828 1120 3894 baec
1142 3830 1277 3895 donatio
1300 3836 1336 3896 et
1357 3854 1486 3900 conces-

433 3933 482 3998 sio
503 3937 617 3998 nostra
638 3931 785 4018 vigorem
820 3931 1051 4016 perpetuitatis
1082 3930 1117 3994 in
1141 3953 1176 3996 se
1198 3931 1379 4011 obtineant,
1401 3933 1488 4002 hanc

437 4041 564 4100 cartam
596 4033 720 4098 eisdem
751 4031 866 4098 abbati
890 4037 924 4097 et
955 4033 1135 4098 conventui
1150 4030 1310 4112 'fecimus
1343 4041 1378 4100 et
1414 4059 1486 4103 eam

433 4135 551 4224 sigillis
573 4134 694 4200 nostris
718 4133 930 4220 signavimus.
976 4133 1054 4198 Hiis
1077 4134 1225 4199 testibus.

802 4369 881 4434 orn
905 4365 1114 4433 OCOOXIX.

543 4510 646 4574 Occrla
669 4506 807 4574 Robcrti
830 4505 870 4572 de
893 4506 1058 4593 Heywode
1081 4506 1121 4573 de
1143 4506 1258 4572 eadem
1280 4513 1380 4573 terre.

266 4653 405 4706 conflrmc-
484 4649 599 4717 Sciant
620 4653 799 4735 praesentes
831 4653 866 4714 et
887 4647 1004 4725 futuri,
1036 4648 1124 4733 quod
1158 4669 1218 4734 ego
1249 4648 1414 4714 Robertus
1448 4650 1489 4714 de

264 4720 415 4852 {im‘
434 4751 608 4838 Heywode
631 4750 774 4819 concessi
798 4755 833 4817 et
855 4749 1056 4828 confirmavi,
1079 4769 1139 4837 pro
1170 4771 1222 4816 me
1246 4755 1281 4816 et
1313 4748 1489 4817 heredibus
