3514 5818
792 921 954 978 0000100.
1302 913 1400 984 lxxix

497 1107 584 1178 juxta
606 1112 806 1166 tenementum
832 1111 1015 1182 pietantiarii
1044 1112 1076 1169 in
1099 1119 1182 1185 parte
1209 1117 1341 1186 australi,
1371 1124 1401 1175 et

502 1190 533 1246 ii.
558 1192 705 1249 seldarum
730 1194 761 1248 in
785 1199 868 1265 parte
892 1196 1024 1264 australi,
1038 1201 1069 1252 01
1094 1215 1152 1254 000
1176 1203 1344 1258 tenemento
1369 1201 1401 1257 in

503 1276 676 1342 Bumevale,
691 1281 721 1334 et
738 1295 797 1333 nna
814 1279 900 1336 domo
925 1297 991 1336 eum
1012 1281 1093 1337 selda
1109 1283 1189 1352 00οᾱ
1212 1285 1322 1350 0101100,
1342 1302 1401 1340 uno

499 1363 666 1415 tenemento
687 1361 719 1415 in
738 1362 838 1418 Estret
862 1367 892 1418 et
908 1381 956 1420 xv.
976 1363 1051 1420 aeris
1071 1360 1157 1422 ter'rae
1179 1364 1344 1438 ,iacentibus
1369 1368 1402 1424 in

503 1432 627 1498 diversis
640 1443 721 1498 locis.
758 1444 775 1498 2
788 1444 870 1501 aaa.
883 1445 927 1502 II.

378 1563 449 1634 Cap.
468 1563 606 1622 GOVIII.
638 1564 735 1621 (10010-
755 1567 881 1638 Agnetis
911 1567 1021 1626 relictas
1048 1570 1256 1628 Bartholomaei
1278 1573 1402 1644 Aunger

502 1649 580 1704 faeta
591 1648 734 1704 Eduardo
753 1651 813 1706 tilio
832 1669 885 1707 suo
899 1653 936 1708 de
948 1657 1012 1709 1010
1023 1659 1103 1710 terra
1117 1654 1233 1726 jacente
1245 1655 1276 1712 in
1289 1657 1401 1729 eampis

502 1733 538 1788 do
557 1733 775 1805 Brokenborgh,
802 1734 835 1790 in
861 1737 891 1792 la
909 1737 1063 1804 Garstone,
1084 1739 1172 1810 juxta
1199 1740 1400 1812 Gonpedyohe,

502 1816 587 1872 etde
614 1817 737 1873 dimidia
762 1835 829 1874 sora
855 1825 942 1876 terras
969 1821 1047 1892 apud
1076 1822 1276 1880 Stanoheatele
1303 1830 1402 1880 exten·

502 1898 589 1955 dente
608 1917 695 1972 super
712 1907 830 1972 pratum
856 1903 892 1957 de
912 1902 1103 1974 Ooggemore‚
1122 1911 1152 1961 et
1176 1907 1213 1963 (10
1239 1925 1298 1963 000
1316 1912 1401 1980 prato

498 1981 614 2053 jacente
634 1985 712 2053 apud
730 1986 760 2040 10
777 1984 921 2044 (10001000
935 1986 1021 2057 juxta
1036 1994 1154 2060 pratum
1172 1989 1314 2048 Willelmi
1331 1991 1400 2063 wy-

502 2066 582 2123 berd.
619 2068 636 2122 2
655 2067 734 2124 Edu.
755 2069 798 2124 11.

467 2188 679 2245 00110000
702 2189 828 2260 Agnetis
846 2192 968 2263 Aunger
995 2193 1073 2249 faeta
1091 2191 1233 2250 Eduardo
1260 2192 1320 2250 filio
1347 2211 1400 2250 suo

501 2273 703 2414 (210ΕὲωοΕο
732 2274 816 2330 bonis
853 2276 914 2332 suis
944 2277 1101 2334 mobilibus
1132 2284 1163 2350 01
1192 2276 1399 2335 immobilibus.

583 2375 614 2414 w.
670 2401 677 2414 .

467 2477 553 2536 GOX.
581 2478 686 2550 Quieta
722 2479 882 2537 olamaneia
911 2482 990 2539 faeta
1019 2500 1072 2556 per
1099 2484 1248 2556 Agnetem
1277 2486 1400 2556 Aunger

502 2561 644 2620 Eduardo
662 2563 723 2621 filio
742 2581 795 2620 suo
818 2566 855 2621 de
872 2566 960 2622 terris
979 2573 1010 2622 et
1027 2568 1203 2642 tenementis
1221 2568 1253 2624 in
1271 2569 1401 2625 Broken·

501 2645 594 2718 bergh
612 2653 643 2703 et
660 2648 846 2704 Bremelham
864 2652 895 2705 et
912 2649 1101 2708 Thornhulle.
1138 2653 1171 2708 ll
1190 2651 1270 2709 aas.
1291 2653 1333 2708 II.

468 2757 572 2814 OOXI.
592 2757 681 2814 (tarta
710 2757 833 2815 Roberti
863 2758 973 2814 Miehel
1004 2765 1035 2816 et
1062 2759 1176 2816 Avieiae
1206 2761 1305 2817 uxoris
1336 2760 1399 2833 ejus

501 2843 654 2913 appellatas
672 2842 874 2912 Vroggemere
892 2843 970 2898 faeta
987 2844 1203 2900 Bartholomaeo
1220 2844 1344 2916 Aunger
1363 2846 1399 2901 de

500 2943 560 2980 una
577 2924 700 2981 dimidia
717 2943 785 2980 aera
802 2930 889 2982 terrae
908 2925 1027 2981 arabilis
1050 2926 1167 2997 jacente
1194 2925 1226 2982 in
1245 2929 1400 2992 Garstona,

502 3010 528 3064 le
547 3009 649 3080 Theyn
663 3008 749 3080 juxta
767 3008 934 3080 Coppedioh
952 3013 983 3063 et
1000 3008 1036 3064 (10
1054 3013 1118 3064 1010
1141 3010 1275 3080 portione
1303 3009 1400 3082 eujus·

502 3093 570 3148 dam
599 3109 696 3164 parrae
726 3097 812 3150 terrae
844 3091 962 3164 jacente
992 3090 1024 3146 in
1054 3092 1190 3148 orientali
1219 3094 1277 3150 fine
1313 3093 1399 3150 diota

423 3227 425 3232 .
502 3177 653 3234 Garstone.

466 3299 744 3358 0011100000
766 3295 868 3370 quieta
894 3296 1055 3354 olamanoie
1071 3295 1184 3354 Α1010100
1205 3297 1241 3356 de
1266 3297 1399 3370 Vrogge-

500 3401 580 3440 mero
599 3383 677 3439 faeta
694 3381 909 3438 Bartholomaeo
921 3382 1044 3453 Aunger
1061 3387 1092 3438 et
1109 3380 1220 3453 Agneti
1232 3381 1315 3436 uxori
1337 3397 1398 3438 suae

501 3467 536 3522 (10
555 3485 615 3523 una
631 3465 755 3521 dimidia
778 3482 845 3520 aera
862 3469 948 3521 terrae
970 3465 1087 3537 jacente
1106 3482 1193 3536 super
1212 3464 1349 3532 Garaton,
1368 3471 1399 3520 et

501 3552 536 3607 de
554 3550 687 3622 portione
705 3567 802 3621 parvoe
821 3555 907 3605 terrae
922 3548 1038 3621 jacente
1057 3550 1093 3605 ad
1118 3549 1289 3605 orientalem
1309 3549 1398 3603 finem

500 3635 632 3707 ejusdem
651 3633 778 3690 Garston
795 3637 825 3689 et
843 3634 879 3689 de
896 3632 1029 3705 portione
1047 3632 1124 3705 prati
1142 3633 1220 3705 apud
1239 3631 1348 3698 Golias,
1368 3638 1399 3688 01

501 3718 590 3775 etiam
609 3718 645 3773 de
668 3716 721 3772 illa
746 3721 826 3772 terra
851 3715 929 3788 apud
956 3713 1140 3772 Stanohestel
1166 3715 1339 3772 extendente
1367 3730 1398 3770 00

501 3819 589 3873 super
607 3806 724 3872 pratum
742 3799 778 3856 (10
797 3799 987 3872 Ooggemore.

466 3928 604 3986 CCXIII.
624 3927 713 3985 Carta
731 3927 792 3984 sive
811 3925 991 3984 confirmatio
1008 3923 1120 3982 Avioiae
1145 3924 1180 3981 de
1198 3924 1398 3996 Vroggemere

500 4015 578 4069 10010
593 4012 806 4069 Bartholomaeo
819 4012 941 4082 Aunger
959 4010 995 4067 de
1014 4008 1103 4065 tertia
1119 4013 1202 4080 parte
1220 4009 1307 4063 00100
1323 4026 1397 4063 aorae

500 4103 585 4153 terrae
605 4095 887 4168 spudsstanehestel
905 4101 935 4150 et
959 4094 995 4149 (10
1012 4092 1099 4172 tertia
1116 4098 1198 4164 parte
1216 4091 1304 4147 unius
1323 4108 1397 4146 aerae

498 4187 585 4238 terrae
600 4181 716 4252 jeoente
735 4179 813 4252 epud
832 4179 967 4242 Garaton,
986 4182 1017 4232 et
1033 4176 1069 4232 de
1093 4176 1181 4232 tertia
1198 4182 1281 4248 parte
1309 4175 1397 4230 unius

500 4265 602 4320 oroitae
620 4263 755 4319 etunius
774 4261 851 4334 proti
870 4261 948 4333 apud
960 4260 1081 4316 eandem
1098 4259 1280 4314 Garstonam.
1318 4257 1396 4312 1274.

467 4394 621 4452 GCXIHI.
641 4395 730 4451 Carta
748 4392 867 4450 Roberti
886 4391 995 4447 Miohel
1022 4395 1052 4446 et
1069 4389 1180 4445 Avieioe
1198 4389 1397 4460 Vroggemere

503 4479 599 4535 uxoris
636 4479 699 4550 ejus
738 4479 816 4533 faeta
840 4477 1053 4532 Bartholomaeo
1075 4476 1197 4545 Aunger
1227 4479 1258 4529 et
1286 4473 1398 4544 Agneti

500 4563 585 4619 uxori
602 4579 663 4618 suae
682 4562 717 4618 do
736 4566 800 4617 tote
817 4561 950 4634 portione
969 4559 1071 4615 suain
1097 4557 1222 4629 quodem
1249 4563 1331 4628 prato
1353 4555 1398 4626 ja·

499 4651 582 4702 cente
601 4645 633 4700 in
651 4644 824 4702 ooeidentali
843 4648 924 4715 parte
936 4641 1069 4714 proxima
1081 4643 1247 4697 tenemento
1275 4637 1397 4696 Roberti

500 4729 527 4787 io
545 4729 648 4801 'Ibeyn
666 4729 739 4787 dieti
752 4727 863 4794 Golias,
881 4733 911 4784 et
929 4727 964 4783 de
991 4744 1051 4782 una
1068 4724 1192 4782 dimidia
1218 4740 1285 4780 aera
1311 4727 1397 4778 terrae

501 4820 531 4871 et
547 4813 681 4886 portione
699 4831 796 4886 000000
815 4818 910 4870 terrae.
