3566 5820
405 859 466 928 172
655 875 851 924 armemur
876 874 1196 925 nnnuasauamrsa.

401 1061 498 1128 Lucra
523 1061 753 1148 Evangelistae,
776 1061 864 1128 inter
886 1061 1057 1128 dominum
1080 1060 1283 1126 Willelmum
1318 1062 1359 1126 de
1389 1061 1451 1126 Oo-

342 1215 346 1224 ,
400 1163 498 1240 lerna,
530 1164 683 1230 abbatem
716 1165 967 1242 Malmesburiee‚
1004 1171 1039 1231 at
1070 1170 1269 1231 conventum
1306 1164 1451 1249 ejusdem

400 1265 470 1343 loci,
493 1271 528 1330 et
562 1268 703 1352 priorem
737 1268 777 1332 de
800 1268 930 1334 Piltone
952 1274 987 1333 et
1009 1267 1188 1334 confratres
1211 1266 1358 1353 ejusdem
1379 1265 1449 1343 loci,

399 1391 441 1432 ex
475 1375 569 1454 parte
603 1361 682 1448 unsa,¹
701 1375 736 1435 et
767 1371 916 1436 dominos
940 1369 1143 1436 Willelmum
1173 1371 1213 1436 da
1233 1369 1371 1456 'Ralega
1394 1367 1451 1432 Ri-

398 1471 533 1536 cardum
571 1471 611 1536 da
636 1471 874 1550 acironense,
898 1472 1028 1552 milites,
1052 1473 1194 1558 priorem
1217 1470 1451 1556 Bamastapolc

399 1573 522 1640 ibidem
554 1579 635 1642 tunc
672 1575 879 1654 existentem,
913 1575 1117 1641 willelmum
1154 1574 1196 1640 de
1226 1574 1383 1651 Pillonda,
1417 1578 1451 1638 et

399 1697 511 1742 omnes
533 1683 667 1744 caeteros
690 1679 903 1765 parochianos
938 1679 1081 1760 ecelesiae
1114 1679 1154 1744 de
1177 1677 1315 1756 Piltone‚
1339 1695 1381 1742 ex
1404 1676 1450 1741 al-

399 1786 477 1846 tera.
539 1780 710 1858 Videlicet,
742 1781 830 1867 quod
862 1803 937 1848 cum
971 1782 1193 1848 controversia
1223 1785 1314 1846 mota
1335 1779 1451 1844 fuisset

399 1905 507 1950 eoram
550 1885 778 1950 archidiacono
819 1885 1062 1971 Barnastapole,
1108 1889 1143 1949 ct
1196 1883 1267 1970 ejus
1312 1881 1450 1960 officiali,

399 2007 497 2072 super
530 1987 782 2052 reaedificatione
814 1987 915 2050 turn's
950 1986 1151 2072 campanarii
1184 1985 1220 2050 in
1242 1985 1377 2052 ecclesia
1410 1985 1450 2050 de

400 2090 537 2168 Piltone,
554 2095 588 2156 et
610 2113 708 2177 super
731 2089 927 2176 quibusdam
951 2091 1025 2156 aliis
1047 2090 1145 2156 rebus
1167 2089 1255 2155 inter
1277 2090 1450 2176 predictas

399 2199 508 2278 partes
531 2194 638 2271 motis,
662 2193 850 2258 omnimoda
872 2194 913 2257 lis
948 2194 983 2256 in
1017 2193 1105 2258 hunc
1131 2193 1265 2260 modum
1298 2194 1450 2279 conquie-

400 2297 457 2360 vit,
504 2295 559 2360 Ita
590 2295 722 2374 scilicet,
746 2296 835 2381 quod
865 2296 973 2362 dictus
1004 2297 1093 2381 prior
1118 2296 1310 2381 praedictam
1332 2296 1450 2360 turrim

399 2398 466 2461 suis
490 2399 640 2484 expensis
663 2399 706 2464 ad
729 2419 873 2484 praescns
904 2395 1049 2475 fabricet,
1072 2402 1171 2486 prout
1193 2397 1331 2462 honesto
1353 2397 1450 2462 modo

398 2499 499 2564 fuerit
513 2500 712 2566 fabricanda.
756 2500 802 2564 Et
823 2498 995 2565 memorati
1018 2497 1209 2586 parochiani
1232 2500 1342 2566 decem
1365 2518 1450 2564 mar-

359 2667 363 2676 ,
399 2624 451 2668 cas
474 2605 558 2670 citra
579 2603 702 2668 festum
723 2601 857 2670 Paschae
879 2603 1029 2690 proximo
1053 2623 1191 2689 sequens
1212 2623 1273 2690 pro
1296 2603 1450 2690 praesenti

397 2707 602 2792 reparatione
625 2707 771 2792 ejusdem
795 2708 897 2771 turris
919 2707 1076 2793 praedicto
1099 2707 1200 2794 priori
1216 2708 1360 2794 plenarie
1378 2729 1449 2794 per-

397 2807 550 2888 solvent3
576 2807 779 2894 inposterum
802 2829 880 2873 vero
911 2807 992 2874 dicti
1015 2805 1204 2894 parochiani
1237 2829 1296 2894 pro
1330 2809 1450 2874 medie·

397 2915 466 2974 tate
498 2933 716 2998 expensarum
749 2911 784 2974 in
806 2915 987 2976 memorata
1009 2910 1094 2975 turri
1116 2909 1346 2989 faciendarum,
1370 2933 1449 2997 quo-

398 3012 623 3099 tienscumque
646 3035 774 3080 necesse
797 3012 907 3090 firerit,
929 3011 1110 3098 pervisum
1133 3013 1289 3100 legalium
1304 3015 1449 3079 virorum

397 3115 572 3202 utrobique
606 3117 649 3181 ad
682 3115 744 3182 hcc
777 3115 1012 3201 deputatorum
1036 3115 1177 3203 benigne
1200 3137 1234 3181 se
1258 3116 1448 3202 obligantes.

398 3215 540 3285 Etcum
574 3217 722 3283 dicerent
754 3217 835 3284 dicti
867 3215 1056 3304 parochiani
1091 3240 1125 3284 se
1155 3215 1330 3284 servicium
1353 3240 1448 3284 suum

397 3321 512 3386 audire
543 3317 660 3386 debere
683 3321 720 3384 in
742 3316 877 3386 ecclesia
899 3317 1078 3405 parochiali
1101 3325 1136 3385 et
1157 3319 1293 3385 minime
1316 3320 1352 3384 in
1374 3341 1448 3386 auc-

398 3421 522 3487 tentico
554 3421 652 3486 altari
687 3419 777 3486 chori
811 3421 974 3487 dictomm
996 3421 1238 3500 monachorum,
1261 3421 1450 3488 memoratis

398 3523 504 3609 priore
537 3545 577 3590 ae
607 3523 766 3589 fratribus
798 3522 834 3587 in
856 3521 918 3588 hoc
948 3519 1189 3610 refragantibus
1211 3519 1265 3589 vel
1287 3523 1449 3590 contradi-

398 3625 556 3704 centibus,
579 3625 714 3690 tandem
746 3625 826 3691 dicti
861 3621 963 3690 abbas
986 3631 1020 3690 et
1042 3631 1223 3692 conventus
1245 3647 1320 3693 cum
1343 3626 1450 3714 priore

399 3727 545 3812 ejusdem
576 3722 647 3804 loci,
682 3747 781 3794 causa
814 3725 902 3812 pacis
936 3727 1150 3794 reformandae
1187 3730 1275 3795 inter
1312 3729 1450 3807 eosdem,

399 3829 565 3916 praedictis
603 3825 810 3915 parochianis
847 3828 985 3894 ulterius
1027 3829 1063 3894 in
1101 3829 1235 3897 ecclesia
1272 3829 1449 3920 parochiali

398 3933 579 3998 memorata
616 3930 790 3997 servicium
828 3929 1022 4017 praedictum
1059 3930 1180 3998 habere
1214 3937 1449 4012 concesserunt,

296 4101 300 4108 ,
398 4034 490 4114 nullo
524 4056 566 4098 ex
596 4033 659 4098 hoc
689 4033 846 4118 praedicto
868 4031 982 4098 abbati
1005 4038 1039 4098 et
1061 4036 1239 4100 conventui
1261 4033 1452 4122 praejudicio

398 4137 611 4222 imposterum
650 4157 708 4222 per
755 4135 967 4221 parochianos
1003 4141 1165 4222 generato.
1229 4135 1273 4202 Et
1297 4137 1334 4202 -si
1372 4133 1452 4202 dicti

399 4237 588 4323 parochiani
622 4237 766 4322 aliquem
798 4233 930 4302 calicem
964 4235 1004 4301 de
1028 4259 1087 4302 suo
1110 4239 1241 4324 proprio
1265 4243 1450 4304 construere

398 4338 572 4416 voluerint,
607 4347 835 4404 concessenmt
872 4337 1021 4424 praedicti
1060 4339 1161 4405 abbas
1199 4345 1233 4405 et
1269 4345 1451 4406 conventus

398 4461 473 4506 cum
507 4442 614 4527 priore
646 4440 811 4526 praedicto,
835 4441 923 4525 quod
957 4439 1013 4504 ille
1046 4440 1133 4507 calix
1163 4442 1206 4506 ad
1231 4441 1334 4508 altare
1360 4463 1451 4528 paro-

399 4543 513 4608 ehialis
545 4543 687 4608 ecclesiae
719 4543 962 4628 imperpetuum
984 4548 1172 4624 remaneat3
1194 4543 1256 4619 vel,
1280 4545 1307 4609 si
1331 4545 1451 4630 aliquis

399 4645 439 4711 de
462 4645 667 4731 parochianis
690 4645 856 4730 praedictae
888 4645 1029 4711 ecclesiae
1054 4646 1094 4711 de
1117 4646 1292 4712 devotione
1323 4669 1452 4712 cereum

398 4745 542 4812 voluerit
562 4745 718 4823 conferre,
741 4751 775 4810 et
797 4746 905 4832 ipsum
926 4748 1096 4828 sustinere,
1118 4755 1347 4816 concesserunt
1361 4749 1451 4815 simi·
