3566 5820
465 865 527 930 198
714 877 911 926 nneisuauu
934 877 1256 928 umuusuuemusu

841 1107 919 1172 Cae.
942 1105 1132 1172 CCCXXX.

463 1258 511 1324 De
548 1265 638 1324 terra
675 1283 749 1350 quea
781 1260 857 1345 fuit
889 1261 1045 1327 Arauldi
1082 1261 1111 1325 le
1147 1262 1268 1326 Broun
1307 1260 1347 1325 de
1380 1261 1508 1326 noxam

553 1383 700 1426 concessa
733 1361 889 1429 Geruuaio
919 1364 958 1428 de
997 1363 1142 1430 Wottoae
1176 1371 1205 1428 at
1238 1362 1365 1448 Apate·
1402 1361 1507 1427 uxori

554 1463 625 1547 ejus
647 1486 710 1549 pei·
731 1465 835 1529 istam
861 1466 1118 1531 mactationem.

296 1627 422 1690 Grantby
481 1647 482 1654 ,
509 1610 674 1676 Noverint
697 1613 842 1676 universi
869 1613 957 1698 qued
980 1614 1028 1677 ita
1051 1613 1207 1678 convenit
1228 1613 1317 1677 inter
1340 1613 1505 1677 dominum

294 1695 431 1809 353²}ss
464 1713 665 1779 Willelmum
689 1715 841 1780 abbatem
866 1716 1107 1782 Malmesburiae
1123 1722 1158 1781 et
1180 1715 1326 1800 ejusdem
1349 1715 1410 1781 loci
1433 1737 1509 1780 con-

296 1825 424 1903 surviyor-
464 1821 608 1894 ventum,
641 1839 682 1880 ex
714 1823 807 1903 parte
842 1840 917 1894 una,
948 1825 983 1883 et
1006 1819 1199 1884 Gervaeium
1234 1819 1275 1882 de
1297 1818 1452 1882 Wottone
1476 1823 1511 1881 et

293 1893 450 2022 ἓῗξζὲὲ“““
463 1919 625 2005 Agnetem
660 1919 787 2004 Paynel
818 1942 954 1985 uxorem
993 1923 1063 2007 ejus
1098 1943 1140 1986 ex
1181 1920 1303 1998 altera;
1342 1919 1507 1996 videlieet,

463 2023 647 2108 quodcum
671 2022 751 2088 dieti
775 2023 953 2088 Gervasius
977 2029 1010 2088 et
1041 2025 1152 2109 Agnes
1185 2022 1352 2088 dedissent
1375 2027 1410 2087 et
1432 2043 1508 2088 eon·

462 2127 633 2190 eess'usent
656 2124 753 2190 dietis
775 2126 890 2191 abbati
914 2131 947 2190 et
963 2127 1142 2191 conventui
1157 2131 1263 2190 totam
1287 2131 1409 2191 terram
1432 2145 1507 2190 eum

462 2213 613 2292 omnibu&
635 2229 846 2313 pertinentiis
869 2229 937 2292 suis
960 2250 1059 2315 quam
1082 2227 1270 2293 habuerunt
1292 2229 1329 2292 in
1363 2227 1444 2292 villa
1467 2227 1507 2292 de

462 2329 627 2408 Puritone,
649 2338 749 2416 prout
781 2337 872 2396 carte
895 2332 992 2397 dictis
1015 2332 1129 2397 abbati
1153 2335 1186 2396 et
1218 2332 1395 2398 conventui
1430 2330 1506 2394 inde

460 2433 607 2498 confecta
647 2433 776 2518 plenius
813 2437 964 2510 testatur,
998 2433 1086 2498 idem
1119 2434 1219 2498 abbas
1247 2438 1288 2522 'et
1326 2437 1506 2498 conventus

460 2540 689 2600 concesserunt
711 2536 808 2600 dietis
825 2535 983 2601 Gervasio
1007 2541 1040 2600 et
1055 2537 1189 2621 Agneti,
1205 2536 1247 2600 ad
1264 2537 1370 2600 vitam
1386 2556 1505 2610 eorum,
1537 2616 1540 2620 ἡ

460 2643 566 2704 totam
589 2645 710 2704 terram
733 2638 824 2702 illam
848 2660 921 2704 eum
946 2638 1097 2703 domibus
1121 2645 1155 2704 et
1186 2639 1298 2706 eroftis
1322 2659 1421 2725 quam
1443 2638 1506 2701 Ar-

459 2739 578 2804 naldus
601 2741 632 2805 le
655 2741 767 2804 Broun
790 2741 830 2804 de
853 2739 979 2806 Foxam
1006 2740 1184 2826 aliquando
1207 2743 1324 2818 tenuit,
1348 2740 1397 2805 ita
1420 2740 1505 2824 quod

460 2863 526 2907 non
563 2842 661 2908 lieeat
698 2843 821 2908 eisdem
860 2843 1018 2908 Gervaeio
1056 2849 1115 2908 aut
1153 2844 1276 2930 Agneti
1313 2842 1503 2928 praedietam

383 2967 390 2986 ·
458 2949 580 3008 terram
603 2945 830 3029 autaliquem
854 2945 925 3030 ejus
948 2951 1077 3030 partem
1100 2945 1200 3011 alicui
1233 2944 1363 3009 tradere
1386 2945 1428 3008 ad
1451 2943 1505 3007 fir-

458 3067 560 3132 mam,
578 3045 756 3122 invadiare,
778 3046 832 3110 vel
864 3047 962 3111 alieui
993 3047 1144 3124 vendere,
1167 3046 1221 3111 vel
1255 3045 1387 3132 aliquo¹
1410 3046 1504 3110 modo

458 3149 609 3225 alienare,
634 3151 703 3214 eine
727 3148 899 3214 voluntate
923 3149 1085 3214 dictorum
1108 3150 1238 3215 abbatis
1261 3155 1295 3214 et
1317 3155 1503 3216 conventus.

301 3259 334 3306 -2
371 3291 377 3302 ·
459 3250 697 3317 concesserunt
729 3253 830 3316 etiam
869 3251 949 3316 dieti
987 3251 1088 3316 abbas
1126 3258 1160 3318 et
1194 3257 1376 3317 conventus
1408 3251 1504 3316 dietis

459 3353 617 3419 Gervaeio
639 3363 674 3420 et
696 3339 819 3439 Agneti
843 3375 946 3418 unum
973 3353 1153 3420 bussellum
1176 3355 1334 3418 frumenti
1358 3353 1504 3440 qualibet

458 3458 649 3542 septimana,
673 3479 772 3542 quam
796 3455 854 3520 diu
871 3457 1027 3534 vixerint,
1042 3456 1298 3543 percipiendum,
1315 3462 1349 3521 et
1365 3461 1505 3542 quatuor

458 3566 636 3624 carectates
659 3560 774 3625 buseae.
823 3559 867 3623 Et
888 3565 963 3646 post
985 3560 1152 3644 decessum
1169 3560 1399 3646 praedietorum
1424 3560 1502 3624 Ger-

457 3663 541 3726 vaeii
580 3667 614 3726 et
652 3663 801 3747 Agnetis,
834 3666 947 3726 teneat
988 3685 1068 3748 puer
1100 3684 1212 3727 eorum
1245 3663 1302 3747 qui
1339 3667 1503 3747 superstes

456 3763 557 3829 fuerit
579 3765 817 3852 primogenitus
840 3765 881 3829 de
904 3765 1001 3830 dietis
1033 3766 1189 3830 Gervaeio
1208 3770 1245 3830 et
1278 3765 1407 3852 Agnete
1430 3786 1502 3850 pm-

329 3927 332 3933 .
457 3874 593 3944 ereatuS,
617 3873 720 3932 totam
744 3874 864 3932 terram
895 3868 1086 3953 praedietam
1120 3869 1290 3934 advitam
1314 3889 1406 3933 suam
1430 3873 1502 3932 tun·

457 3975 537 4047 tum,
560 3971 614 4035 vel
637 3994 741 4035 unum
770 3971 949 4036 buasellum
970 3971 1130 4037 frumenti
1153 3972 1194 4036 de
1218 3972 1314 4037 dietis
1337 3971 1450 4038 abbati
1468 3977 1503 4036 et

456 4078 629 4149 conventu,
669 4073 706 4138 in
738 4074 870 4158 optione
909 4073 1094 4151 eorundem,
1133 4073 1282 4159 qualibet
1319 4075 1503 4159 septimana

457 4197 554 4259 quam
579 4177 636 4239 diu
659 4177 784 4240 vixerit
806 4176 973 4262 pereipiat.
1020 4176 1064 4240 Et
1090 4177 1117 4240 si
1153 4177 1292 4263 percipit
1325 4175 1501 4240 busaellum

455 4277 622 4354 frumenti,
646 4278 726 4342 dieti
753 4277 854 4342 abbas
888 4284 923 4342 et
956 4284 1138 4344 conventus
1172 4283 1277 4344 totam
1312 4279 1501 4364 pmedietam

455 4386 576 4444 terram
598 4381 634 4443 in
656 4402 774 4445 manus
796 4402 908 4445 eorum
931 4381 1080 4466 capiant*
1097 4386 1131 4448 et
1161 4382 1201 4446 de
1225 4381 1339 4446 eadem
1363 4403 1420 4466 pro
1444 4402 1502 4444 vo-

454 4482 585 4547 luntate
607 4504 667 4546 sua
690 4483 875 4568 disponant.
923 4483 967 4547 Et
989 4484 1018 4547 ai
1042 4483 1123 4550 dieti
1145 4484 1246 4549 abbas
1262 4489 1297 4549 et
1318 4489 1500 4549 conventus

453 4585 495 4650 ab
518 4585 683 4670 aliquibus
717 4607 775 4671 pro
809 4585 966 4670 praedicta
999 4591 1086 4673 terre
1117 4586 1157 4652 de
1189 4586 1346 4651 Puritone
1376 4586 1501 4651 fue1int

835 4807 842 4842 ¹
861 4806 960 4876 aliquo]
977 4807 1049 4866 alico,
1061 4807 1118 4861 Ms.
1247 4819 1254 4836 ⁸
