3566 5820
556 955 754 1005 arcrsrnuu
778 955 1099 1004 nnnunsnuurnusr.
1290 937 1354 1008 177

303 1149 337 1209 et
359 1142 547 1208 Ysabellam
571 1142 757 1207 confectum
781 1146 839 1218 est,
863 1146 897 1205 et
920 1141 1037 1227 sigillis
1067 1141 1188 1205 nostris
1211 1141 1352 1206 alterna-

304 1247 365 1313 tim
388 1245 541 1332 appensis
564 1245 760 1310 roboratum.

712 1509 791 1576 Car.
816 1507 942 1576 OCOX.

316 1664 518 1752 Compositio
541 1665 634 1732 ictor
655 1665 857 1730 abbatemet
879 1671 1080 1730 concoctum
1102 1671 1132 1730 et
1155 1663 1340 1730 domimum

575 1769 747 1856 Roycmmn
769 1767 809 1833 clo
832 1767 968 1834 Mortuo
991 1767 1096 1834 llari.

348 1917 522 1984 Universis
546 1916 671 1983 Christi
695 1916 848 1982 fidelibus
870 1937 1013 2003 praesens
1043 1917 1203 2004 scriptum
1234 1917 1354 1981 vismis
1367 1877 1510 2034 bsg‘lloem
1626 1983 1632 1995 Ι

303 2019 357 2084 vel
398 2019 571 2096 audituris,
602 2019 750 2105 Rogerus
782 2020 824 2084 de
856 2020 989 2085 Mortuo
1023 2017 1108 2084 Meri
1143 2019 1284 2086 salutern
1318 2015 1356 2084 in'
1367 1987 1525 2102 themllbl

302 2121 452 2188 Domino,
491 2122 634 2189 Noverit
655 2123 854 2189 universitas
869 2127 981 2188 vestra
1000 2123 1182 2208 quodcum
1206 2123 1355 2208 quaedum
1367 2117 1457 2194 nuria.

301 2226 524 2290 controversia
552 2229 644 2292 mota
677 2223 779 2289 fuerit
810 2225 897 2290 inter
927 2225 1095 2312 religiosos
1128 2225 1217 2290 viros
1252 2191 1512 2318 domi-tvrllgatiisty0

302 2349 383 2392 num
407 2327 609 2394 Willelrnum
635 2327 848 2394 abbatemet
880 2333 1080 2394 conventum
1112 2329 1354 2395 Malmesburiae

302 2451 344 2494 ex
367 2435 460 2516 parte
478 2451 553 2509 una,
570 2437 604 2496 et
626 2430 768 2516 priorem
785 2435 820 2495 et
842 2429 991 2495 homines
1014 2431 1054 2495 de
1071 2430 1354 2507 Hundlevintone,

302 2533 358 2618 qui
382 2538 461 2599 sunt
483 2533 525 2598 de
547 2533 652 2598 libera
674 2533 851 2599 elemosina
873 2539 1114 2599 antecessorum
1142 2555 1289 2600 meorum
1312 2556 1355 2598 ex

301 2635 414 2712 altera,
437 2657 535 2722 super
567 2635 765 2721 quibusdam
799 2636 1018 2712 libertatibus,
1042 2636 1189 2702 serviciis
1212 2641 1246 2702 et
1277 2657 1354 2702 con·

302 2738 540 2816 suetudinibus,
564 2759 638 2824 quea
665 2738 753 2804 idem
776 2739 878 2803 abbas
908 2743 943 2803 et
965 2743 1147 2804 conventus
1177 2740 1355 2826 exigebant

301 2864 322 2906 a
355 2841 520 2927 praedictis
551 2841 659 2926 priore
690 2846 725 2906 et
763 2839 952 2906 hominibus
990 2841 1030 2906 de
1062 2841 1354 2920 Hundlavintone;

176 2987 182 2994 -
301 2967 367 3023 uos,
391 2946 464 3031 paci
487 2951 522 3011 et
552 2944 788 3031 tranquillitati
811 2945 944 3030 utrique
966 2945 1055 3031 parti
1085 2946 1254 3032 cupientes
1280 2967 1354 3033 pro-

300 3050 424 3135 spicere
454 3053 488 3114 et
520 3047 687 3114 laboribus
721 3069 853 3134 parcere
885 3053 920 3112 et
951 3049 1113 3134 expensis,
1144 3049 1352 3115 concedimus

301 3173 359 3237 pro
382 3152 477 3218 nobis
500 3157 534 3218 et
552 3147 727 3217 heredibus
743 3157 778 3216 et
800 3151 976 3238 assignatis
997 3151 1250 3238 imperpetuum,
1265 3154 1353 3239 quod

302 3275 412 3320 omnes
435 3254 583 3320 homines
606 3255 647 3319 de
674 3253 949 3319 Hundlavintone
972 3254 1111 3319 veniant
1133 3255 1183 3318 bis
1206 3277 1265 3341 per
1294 3277 1352 3320 an-

300 3379 389 3436 uum,
413 3357 576 3434 videlicet,
598 3356 642 3422 ad
664 3357 698 3422 la
720 3357 931 3442 Hockcdaye,
955 3361 990 3421 et
1015 3357 1059 3422 ad
1083 3356 1241 3423 Sanctum
1264 3359 1353 3424 Mar-

300 3465 430 3546 tynum,
452 3460 541 3545 apud
567 3459 601 3525 la
623 3459 783 3526 Goufalde
812 3460 854 3525 ad
878 3464 983 3525 certos
1006 3459 1094 3524 diem
1117 3465 1152 3524 et
1177 3460 1295 3538 locum,
1318 3466 1353 3525 et

300 3562 422 3628 ibidem
461 3561 600 3628 vadia-nt
637 3565 672 3626 et
706 3560 838 3626 solvant
875 3561 929 3625 die
970 3565 1098 3626 statuto
1135 3583 1194 3647 per
1235 3583 1352 3627 manus

300 3665 497 3730 ballivorum
528 3664 759 3749 praedictorum
782 3663 912 3728 abbatis
934 3668 969 3729 et
995 3668 1184 3739 conventus,
1216 3670 1353 3730 turnum

300 3773 335 3831 et
357 3765 520 3832 auxilium
542 3756 753 3840 vicecomitis,
776 3765 864 3830 sicut
894 3765 1005 3850 aliquo
1038 3770 1187 3850 tempore
1218 3767 1352 3832 vadiare

301 3876 335 3936 ct
369 3868 494 3934 solvere
524 3872 774 3934 consueverunt.
821 3867 866 3932 Et
897 3869 985 3954 quod
1017 3869 1167 3954 praedicti
1200 3870 1289 3954 prior
1319 3875 1354 3934 et

300 3973 449 4038 homines
472 3972 513 4037 de
536 3971 811 4038 Hundlavintone
837 3971 962 4036 faciant
985 3971 1152 4058 praedictis
1182 3971 1295 4037 abbati
1319 3977 1353 4036 et

300 4075 478 4142 conventui
501 4079 535 4138 et
558 4096 670 4140 eorum
700 4074 937 4139 successoribus
967 4074 1217 4159 imperpetuum,
1244 4076 1353 4139 omnia

301 4178 439 4243 servicia
461 4182 496 4242 et
526 4197 638 4241 omnes
675 4175 935 4253 consuetudines,
958 4198 1032 4261 quae
1056 4183 1089 4241 et
1116 4197 1196 4261 quas
1228 4177 1352 4263 praede-

300 4281 480 4347 cessoribus
507 4301 618 4344 eorum
650 4281 760 4365 aliquo
792 4285 939 4365 tempore
965 4279 1069 4346 facere
1102 4285 1352 4358 consueverunt,

302 4387 372 4452 sine
403 4385 516 4471 aliqua
550 4385 807 4451 contradictione
844 4384 898 4449 vel
930 4385 1160 4452 reclamatione
1192 4388 1266 4465 mei,
1297 4389 1352 4452 vel

302 4489 459 4554 heredum
494 4486 548 4553 vel
579 4487 818 4573 assignatorum
842 4509 989 4552 meorum
1011 4489 1262 4574 imperpetuum.
1310 4491 1352 4554 ln

302 4595 396 4680 cujus
433 4595 481 4659 rei
517 4594 745 4660 testimonium
783 4593 845 4659 hoc
882 4595 1040 4680 scriptum
1075 4595 1194 4660 eisdem
1238 4595 1352 4662 abbati

302 4704 337 4766 et
358 4697 537 4764 conventui
559 4696 631 4773 feci,
654 4701 688 4761 ct
710 4697 819 4782 sigillo
841 4719 913 4762 meo
937 4697 1074 4784 signavi.

388 4967 414 5018 N
425 4971 464 5017 80.
