<?xml version="1.0" encoding="UTF-8"?>
<!DOCTYPE html PUBLIC "-//W3C//DTD XHTML 1.0 Transitional//EN"
    "http://www.w3.org/TR/xhtml1/DTD/xhtml1-transitional.dtd">
<html xmlns="http://www.w3.org/1999/xhtml" xml:lang="en" lang="en">
 <head>
  <title>
</title>
<meta http-equiv="Content-Type" content="text/html;charset=utf-8" />
  <meta name='ocr-system' content='tesseract 3.04.00' />
  <meta name='ocr-capabilities' content='ocr_page ocr_carea ocr_par ocr_line ocrx_word'/>
</head>
<body>
  <div class='ocr_page' id='page_1' title='image "./registrummalmes00martgoog_0224.png"; bbox 0 0 3566 5820; ppageno 0'>
   <div class='ocr_carea' id='block_1_1' title="bbox 224 0 793 1">
    <p class='ocr_par' dir='ltr' id='par_1_1' title="bbox 224 0 793 1">
     <span class='ocr_line' id='line_1_1' title="bbox 224 0 793 1; baseline 0 0"><span class='ocrx_word' id='word_1_1' title='bbox 224 0 793 1; x_wconf 95' lang='lat' dir='ltr'> </span> 
     </span>
    </p>
   </div>
   <div class='ocr_carea' id='block_1_2' title="bbox 464 919 1260 983">
    <p class='ocr_par' dir='ltr' id='par_1_2' title="bbox 464 919 1260 983">
     <span class='ocr_line' id='line_1_2' title="bbox 464 919 1260 983; baseline -0.005 -1"><span class='ocrx_word' id='word_1_2' title='bbox 464 919 528 983; x_wconf 87' lang='lat'>130</span> <span class='ocrx_word' id='word_1_3' title='bbox 715 931 912 982; x_wconf 81' lang='lat' dir='ltr'>ssorsrnuu</span> <span class='ocrx_word' id='word_1_4' title='bbox 938 929 1260 980; x_wconf 79' lang='lat' dir='ltr'>nnnnrnsnnmsnsa.</span> 
     </span>
    </p>
   </div>
   <div class='ocr_carea' id='block_1_3' title="bbox 846 1159 1133 1226">
    <p class='ocr_par' dir='ltr' id='par_1_3' title="bbox 846 1159 1133 1226">
     <span class='ocr_line' id='line_1_3' title="bbox 846 1159 1133 1226; baseline 0 -1"><span class='ocrx_word' id='word_1_5' title='bbox 846 1159 925 1226; x_wconf 73' lang='lat' dir='ltr'>One.</span> <span class='ocrx_word' id='word_1_6' title='bbox 951 1159 1133 1225; x_wconf 82' lang='lat' dir='ltr'>chxJss.</span> 
     </span>
    </p>
   </div>
   <div class='ocr_carea' id='block_1_4' title="bbox 467 1311 1514 1482">
    <p class='ocr_par' dir='ltr' id='par_1_4' title="bbox 467 1311 1514 1482">
     <span class='ocr_line' id='line_1_4' title="bbox 467 1311 1514 1400; baseline -0.002 -22"><span class='ocrx_word' id='word_1_7' title='bbox 467 1314 690 1400; x_wconf 76' lang='lat' dir='ltr'>Uonfimnoiio</span> <span class='ocrx_word' id='word_1_8' title='bbox 709 1313 860 1378; x_wconf 81' lang='lat' dir='ltr'>¹Robcrii</span> <span class='ocrx_word' id='word_1_9' title='bbox 893 1313 933 1377; x_wconf 85' lang='lat' dir='ltr'>dc</span> <span class='ocrx_word' id='word_1_10' title='bbox 960 1313 1081 1398; x_wconf 73' lang='lat' dir='ltr'>Aaicglt</span> <span class='ocrx_word' id='word_1_11' title='bbox 1107 1314 1203 1400; x_wconf 80' lang='lat' dir='ltr'>factu</span> <span class='ocrx_word' id='word_1_12' title='bbox 1234 1311 1347 1378; x_wconf 77' lang='lat' dir='ltr'>abbati</span> <span class='ocrx_word' id='word_1_13' title='bbox 1378 1321 1408 1378; x_wconf 81' lang='lat' dir='ltr'>et</span> <span class='ocrx_word' id='word_1_14' title='bbox 1439 1333 1514 1378; x_wconf 84' lang='lat' dir='ltr'>con-</span> 
     </span>
     <span class='ocr_line' id='line_1_5' title="bbox 558 1414 1425 1482; baseline 0 0"><span class='ocrx_word' id='word_1_15' title='bbox 558 1416 675 1482; x_wconf 76' lang='lat' dir='ltr'>centui</span> <span class='ocrx_word' id='word_1_16' title='bbox 701 1415 954 1480; x_wconf 77' lang='lat' dir='ltr'>Muimcsbnrim</span> <span class='ocrx_word' id='word_1_17' title='bbox 977 1415 1016 1479; x_wconf 81' lang='lat' dir='ltr'>dc</span> <span class='ocrx_word' id='word_1_18' title='bbox 1039 1423 1130 1481; x_wconf 73' lang='lat' dir='ltr'>terro</span> <span class='ocrx_word' id='word_1_19' title='bbox 1154 1415 1192 1480; x_wconf 82' lang='lat' dir='ltr'>dc</span> <span class='ocrx_word' id='word_1_20' title='bbox 1215 1414 1425 1482; x_wconf 79' lang='lat' dir='ltr'>Focdeswiiu.</span> 
     </span>
    </p>
   </div>
   <div class='ocr_carea' id='block_1_5' title="bbox 297 1567 1767 3991">
    <p class='ocr_par' dir='ltr' id='par_1_5' title="bbox 297 1567 1515 1862">
     <span class='ocr_line' id='line_1_6' title="bbox 298 1567 1514 1656; baseline -0.005 -20"><span class='ocrx_word' id='word_1_21' title='bbox 298 1585 395 1636; x_wconf 68' lang='lat' dir='ltr'>Conni·</span> <span class='ocrx_word' id='word_1_22' title='bbox 511 1571 625 1636; x_wconf 90' lang='lat' dir='ltr'>Sciant</span> <span class='ocrx_word' id='word_1_23' title='bbox 656 1577 833 1656; x_wconf 78' lang='lat' dir='ltr'>pnescntes</span> <span class='ocrx_word' id='word_1_24' title='bbox 866 1579 900 1633; x_wconf 89' lang='lat' dir='ltr'>et</span> <span class='ocrx_word' id='word_1_25' title='bbox 931 1569 1038 1632; x_wconf 85' lang='lat' dir='ltr'>futuri</span> <span class='ocrx_word' id='word_1_26' title='bbox 1069 1569 1157 1654; x_wconf 88' lang='lat' dir='ltr'>quod</span> <span class='ocrx_word' id='word_1_27' title='bbox 1189 1590 1248 1654; x_wconf 89' lang='lat' dir='ltr'>ego</span> <span class='ocrx_word' id='word_1_28' title='bbox 1280 1569 1445 1633; x_wconf 86' lang='lat' dir='ltr'>Robcrtus</span> <span class='ocrx_word' id='word_1_29' title='bbox 1475 1567 1514 1630; x_wconf 92' lang='lat' dir='ltr'>de</span> 
     </span>
     <span class='ocr_line' id='line_1_7' title="bbox 297 1652 1515 1782; baseline -0.005 -44"><span class='ocrx_word' id='word_1_30' title='bbox 297 1652 420 1782; x_wconf 39' lang='lat' dir='ltr'>mag</span> <span class='ocrx_word' id='word_1_31' title='bbox 466 1673 622 1759; x_wconf 88' lang='lat' dir='ltr'>Ashlcya,</span> <span class='ocrx_word' id='word_1_32' title='bbox 645 1672 733 1738; x_wconf 87' lang='lat' dir='ltr'>filius</span> <span class='ocrx_word' id='word_1_33' title='bbox 765 1672 920 1757; x_wconf 80' lang='lat' dir='ltr'>Symonis</span> <span class='ocrx_word' id='word_1_34' title='bbox 943 1672 983 1735; x_wconf 88' lang='lat' dir='ltr'>dc</span> <span class='ocrx_word' id='word_1_35' title='bbox 1007 1671 1208 1746; x_wconf 86' lang='lat' dir='ltr'>Montcforti‚</span> <span class='ocrx_word' id='word_1_36' title='bbox 1232 1671 1374 1736; x_wconf 82' lang='lat' dir='ltr'>concessi</span> <span class='ocrx_word' id='word_1_37' title='bbox 1398 1677 1432 1734; x_wconf 84' lang='lat' dir='ltr'>ot</span> <span class='ocrx_word' id='word_1_38' title='bbox 1454 1669 1515 1732; x_wconf 91' lang='lat' dir='ltr'>hoc</span> 
     </span>
     <span class='ocr_line' id='line_1_8' title="bbox 297 1772 1514 1862; baseline 0.001 -30"><span class='ocrx_word' id='word_1_39' title='bbox 297 1785 429 1834; x_wconf 66' lang='lat' dir='ltr'>thereme.</span> <span class='ocrx_word' id='word_1_40' title='bbox 466 1776 622 1862; x_wconf 70' lang='lat' dir='ltr'>praesenti</span> <span class='ocrx_word' id='word_1_41' title='bbox 654 1776 775 1860; x_wconf 89' lang='lat' dir='ltr'>scripto</span> <span class='ocrx_word' id='word_1_42' title='bbox 798 1774 999 1849; x_wconf 87' lang='lat' dir='ltr'>confirmavi,</span> <span class='ocrx_word' id='word_1_43' title='bbox 1022 1795 1082 1858; x_wconf 89' lang='lat' dir='ltr'>pro</span> <span class='ocrx_word' id='word_1_44' title='bbox 1105 1796 1157 1838; x_wconf 89' lang='lat' dir='ltr'>mc</span> <span class='ocrx_word' id='word_1_45' title='bbox 1180 1780 1215 1838; x_wconf 86' lang='lat' dir='ltr'>ct</span> <span class='ocrx_word' id='word_1_46' title='bbox 1237 1773 1412 1838; x_wconf 81' lang='lat' dir='ltr'>heredibus</span> <span class='ocrx_word' id='word_1_47' title='bbox 1435 1772 1514 1836; x_wconf 84' lang='lat' dir='ltr'>rucis</span> 
     </span>
    </p>

    <p class='ocr_par' dir='ltr' id='par_1_6' title="bbox 467 1874 1513 1962">
     <span class='ocr_line' id='line_1_9' title="bbox 467 1874 1513 1962; baseline -0.004 -22"><span class='ocrx_word' id='word_1_48' title='bbox 467 1879 718 1962; x_wconf 87' lang='lat' dir='ltr'>imperpetuum,</span> <span class='ocrx_word' id='word_1_49' title='bbox 758 1876 828 1939; x_wconf 92' lang='lat' dir='ltr'>Deo</span> <span class='ocrx_word' id='word_1_50' title='bbox 872 1883 906 1940; x_wconf 90' lang='lat' dir='ltr'>ct</span> <span class='ocrx_word' id='word_1_51' title='bbox 949 1874 1092 1940; x_wconf 66' lang='lat' dir='ltr'>ecclesiae</span> <span class='ocrx_word' id='word_1_52' title='bbox 1137 1875 1232 1939; x_wconf 89' lang='lat' dir='ltr'>Beati</span> <span class='ocrx_word' id='word_1_53' title='bbox 1266 1874 1434 1938; x_wconf 87' lang='lat' dir='ltr'>Aldhehni</span> <span class='ocrx_word' id='word_1_54' title='bbox 1473 1874 1513 1937; x_wconf 90' lang='lat' dir='ltr'>de</span> 
     </span>
    </p>

    <p class='ocr_par' dir='ltr' id='par_1_7' title="bbox 468 1975 1514 2053">
     <span class='ocr_line' id='line_1_10' title="bbox 468 1975 1514 2053; baseline -0.004 -11"><span class='ocrx_word' id='word_1_55' title='bbox 468 1977 710 2053; x_wconf 86' lang='lat' dir='ltr'>Malmeaburia,</span> <span class='ocrx_word' id='word_1_56' title='bbox 733 1983 767 2040; x_wconf 92' lang='lat' dir='ltr'>ct</span> <span class='ocrx_word' id='word_1_57' title='bbox 791 1975 957 2040; x_wconf 89' lang='lat' dir='ltr'>Wiilelmo</span> <span class='ocrx_word' id='word_1_58' title='bbox 987 1977 1110 2052; x_wconf 89' lang='lat' dir='ltr'>abbati,</span> <span class='ocrx_word' id='word_1_59' title='bbox 1134 1983 1168 2040; x_wconf 89' lang='lat' dir='ltr'>et</span> <span class='ocrx_word' id='word_1_60' title='bbox 1194 1975 1362 2042; x_wconf 86' lang='lat' dir='ltr'>monachis</span> <span class='ocrx_word' id='word_1_61' title='bbox 1393 1975 1514 2040; x_wconf 86' lang='lat' dir='ltr'>ibidem</span> 
     </span>
    </p>

    <p class='ocr_par' dir='ltr' id='par_1_8' title="bbox 467 2077 1515 2163">
     <span class='ocr_line' id='line_1_11' title="bbox 467 2077 1515 2163; baseline -0.004 -19"><span class='ocrx_word' id='word_1_62' title='bbox 467 2078 538 2144; x_wconf 91' lang='lat' dir='ltr'>Deo</span> <span class='ocrx_word' id='word_1_63' title='bbox 569 2079 797 2155; x_wconf 86' lang='lat' dir='ltr'>servientibus,</span> <span class='ocrx_word' id='word_1_64' title='bbox 831 2083 939 2142; x_wconf 88' lang='lat' dir='ltr'>toturn</span> <span class='ocrx_word' id='word_1_65' title='bbox 971 2077 1054 2142; x_wconf 92' lang='lat' dir='ltr'>iilud</span> <span class='ocrx_word' id='word_1_66' title='bbox 1087 2084 1314 2142; x_wconf 76' lang='lat' dir='ltr'>tenementum</span> <span class='ocrx_word' id='word_1_67' title='bbox 1347 2078 1436 2163; x_wconf 86' lang='lat' dir='ltr'>qnod</span> <span class='ocrx_word' id='word_1_68' title='bbox 1465 2084 1515 2142; x_wconf 88' lang='lat' dir='ltr'>est</span> 
     </span>
    </p>

    <p class='ocr_par' dir='ltr' id='par_1_9' title="bbox 468 2179 1514 2265">
     <span class='ocr_line' id='line_1_12' title="bbox 468 2179 1514 2265; baseline -0.002 -21"><span class='ocrx_word' id='word_1_69' title='bbox 468 2182 508 2244; x_wconf 91' lang='lat' dir='ltr'>de</span> <span class='ocrx_word' id='word_1_70' title='bbox 531 2179 626 2244; x_wconf 87' lang='lat' dir='ltr'>feodo</span> <span class='ocrx_word' id='word_1_71' title='bbox 642 2201 715 2243; x_wconf 83' lang='lat' dir='ltr'>rnen</span> <span class='ocrx_word' id='word_1_72' title='bbox 738 2180 774 2243; x_wconf 93' lang='lat' dir='ltr'>in</span> <span class='ocrx_word' id='word_1_73' title='bbox 798 2179 1054 2265; x_wconf 84' lang='lat' dir='ltr'>Foweicswyke,</span> <span class='ocrx_word' id='word_1_74' title='bbox 1077 2201 1151 2244; x_wconf 82' lang='lat' dir='ltr'>curn</span> <span class='ocrx_word' id='word_1_75' title='bbox 1175 2181 1327 2243; x_wconf 83' lang='lat' dir='ltr'>omnibus</span> <span class='ocrx_word' id='word_1_76' title='bbox 1348 2179 1514 2264; x_wconf 85' lang='lat' dir='ltr'>pertinen-</span> 
     </span>
    </p>

    <p class='ocr_par' dir='ltr' id='par_1_10' title="bbox 467 2280 1514 2366">
     <span class='ocr_line' id='line_1_13' title="bbox 467 2280 1514 2366; baseline -0.002 -22"><span class='ocrx_word' id='word_1_77' title='bbox 467 2283 524 2345; x_wconf 88' lang='lat' dir='ltr'>tiis</span> <span class='ocrx_word' id='word_1_78' title='bbox 547 2282 623 2356; x_wconf 84' lang='lat' dir='ltr'>suis,</span> <span class='ocrx_word' id='word_1_79' title='bbox 647 2281 735 2366; x_wconf 86' lang='lat' dir='ltr'>quod</span> <span class='ocrx_word' id='word_1_80' title='bbox 759 2280 915 2364; x_wconf 82' lang='lat' dir='ltr'>magister</span> <span class='ocrx_word' id='word_1_81' title='bbox 939 2280 1120 2344; x_wconf 88' lang='lat' dir='ltr'>Nichoiaus</span> <span class='ocrx_word' id='word_1_82' title='bbox 1144 2281 1184 2343; x_wconf 88' lang='lat' dir='ltr'>de</span> <span class='ocrx_word' id='word_1_83' title='bbox 1209 2280 1442 2346; x_wconf 85' lang='lat' dir='ltr'>Malmesburia</span> <span class='ocrx_word' id='word_1_84' title='bbox 1468 2281 1514 2344; x_wconf 87' lang='lat' dir='ltr'>eis</span> 
     </span>
    </p>

    <p class='ocr_par' dir='ltr' id='par_1_11' title="bbox 467 2383 1514 2468">
     <span class='ocr_line' id='line_1_14' title="bbox 467 2383 1514 2468; baseline -0.001 -21"><span class='ocrx_word' id='word_1_85' title='bbox 467 2383 569 2460; x_wconf 88' lang='lat' dir='ltr'>dedit,</span> <span class='ocrx_word' id='word_1_86' title='bbox 602 2389 636 2447; x_wconf 90' lang='lat' dir='ltr'>et</span> <span class='ocrx_word' id='word_1_87' title='bbox 670 2387 761 2447; x_wconf 90' lang='lat' dir='ltr'>carta</span> <span class='ocrx_word' id='word_1_88' title='bbox 793 2405 852 2446; x_wconf 83' lang='lat' dir='ltr'>sua</span> <span class='ocrx_word' id='word_1_89' title='bbox 888 2383 1119 2460; x_wconf 79' lang='lat' dir='ltr'>confirmavit3</span> <span class='ocrx_word' id='word_1_90' title='bbox 1158 2388 1256 2466; x_wconf 87' lang='lat' dir='ltr'>prout</span> <span class='ocrx_word' id='word_1_91' title='bbox 1290 2388 1381 2447; x_wconf 87' lang='lat' dir='ltr'>carta</span> <span class='ocrx_word' id='word_1_92' title='bbox 1412 2383 1514 2468; x_wconf 88' lang='lat' dir='ltr'>ipsius</span> 
     </span>
    </p>

    <p class='ocr_par' dir='ltr' id='par_1_12' title="bbox 468 2483 1544 2570">
     <span class='ocr_line' id='line_1_15' title="bbox 468 2483 1544 2570; baseline 0 -20"><span class='ocrx_word' id='word_1_93' title='bbox 468 2484 634 2570; x_wconf 87' lang='lat' dir='ltr'>Nicholay</span> <span class='ocrx_word' id='word_1_94' title='bbox 658 2485 809 2570; x_wconf 73' lang='lat' dir='ltr'>magistri</span> <span class='ocrx_word' id='word_1_95' title='bbox 832 2485 872 2548; x_wconf 87' lang='lat' dir='ltr'>de</span> <span class='ocrx_word' id='word_1_96' title='bbox 896 2483 1054 2568; x_wconf 68' lang='lat' dir='ltr'>praedicto</span> <span class='ocrx_word' id='word_1_97' title='bbox 1079 2490 1268 2549; x_wconf 74' lang='lat' dir='ltr'>tenemento</span> <span class='ocrx_word' id='word_1_98' title='bbox 1299 2486 1346 2548; x_wconf 87' lang='lat' dir='ltr'>eis</span> <span class='ocrx_word' id='word_1_99' title='bbox 1368 2485 1514 2550; x_wconf 87' lang='lat' dir='ltr'>confecta</span> <span class='ocrx_word' id='word_1_100' title='bbox 1540 2559 1544 2567; x_wconf 38' lang='grc'>,</span> 
     </span>
    </p>

    <p class='ocr_par' dir='ltr' id='par_1_13' title="bbox 466 2586 1514 2674">
     <span class='ocr_line' id='line_1_16' title="bbox 466 2586 1514 2674; baseline 0 -22"><span class='ocrx_word' id='word_1_101' title='bbox 466 2587 603 2674; x_wconf 87' lang='lat' dir='ltr'>plenius,</span> <span class='ocrx_word' id='word_1_102' title='bbox 620 2587 738 2650; x_wconf 80' lang='lat' dir='ltr'>meiius</span> <span class='ocrx_word' id='word_1_103' title='bbox 762 2593 796 2650; x_wconf 90' lang='lat' dir='ltr'>et</span> <span class='ocrx_word' id='word_1_104' title='bbox 818 2587 954 2650; x_wconf 88' lang='lat' dir='ltr'>liberius</span> <span class='ocrx_word' id='word_1_105' title='bbox 978 2591 1126 2650; x_wconf 87' lang='lat' dir='ltr'>testatur.</span> <span class='ocrx_word' id='word_1_106' title='bbox 1186 2586 1239 2651; x_wconf 87' lang='lat' dir='ltr'>Ita</span> <span class='ocrx_word' id='word_1_107' title='bbox 1262 2587 1349 2672; x_wconf 90' lang='lat' dir='ltr'>quod</span> <span class='ocrx_word' id='word_1_108' title='bbox 1372 2610 1432 2652; x_wconf 87' lang='lat' dir='ltr'>nec</span> <span class='ocrx_word' id='word_1_109' title='bbox 1455 2609 1514 2674; x_wconf 90' lang='lat' dir='ltr'>ego</span> 
     </span>
    </p>

    <p class='ocr_par' dir='ltr' id='par_1_14' title="bbox 465 2688 1513 2774">
     <span class='ocr_line' id='line_1_17' title="bbox 465 2688 1513 2774; baseline 0 -20"><span class='ocrx_word' id='word_1_110' title='bbox 465 2710 525 2754; x_wconf 88' lang='lat' dir='ltr'>nec</span> <span class='ocrx_word' id='word_1_111' title='bbox 547 2689 667 2773; x_wconf 89' lang='lat' dir='ltr'>aliquis</span> <span class='ocrx_word' id='word_1_112' title='bbox 690 2688 849 2752; x_wconf 84' lang='lat' dir='ltr'>heredum</span> <span class='ocrx_word' id='word_1_113' title='bbox 873 2688 926 2751; x_wconf 88' lang='lat' dir='ltr'>vci</span> <span class='ocrx_word' id='word_1_114' title='bbox 950 2689 1191 2773; x_wconf 85' lang='lat' dir='ltr'>assignatorum</span> <span class='ocrx_word' id='word_1_115' title='bbox 1219 2711 1365 2753; x_wconf 89' lang='lat' dir='ltr'>meorum</span> <span class='ocrx_word' id='word_1_116' title='bbox 1388 2690 1513 2774; x_wconf 90' lang='lat' dir='ltr'>aliquid</span> 
     </span>
    </p>

    <p class='ocr_par' dir='ltr' id='par_1_15' title="bbox 460 2779 1513 2877">
     <span class='ocr_line' id='line_1_18' title="bbox 460 2779 1513 2877; baseline 0 -21"><span class='ocrx_word' id='word_1_117' title='bbox 460 2792 547 2876; x_wconf 84' lang='lat' dir='ltr'>juris</span> <span class='ocrx_word' id='word_1_118' title='bbox 569 2790 622 2855; x_wconf 89' lang='lat' dir='ltr'>vel</span> <span class='ocrx_word' id='word_1_119' title='bbox 646 2788 755 2854; x_wconf 87' lang='lat' dir='ltr'>ciamii</span> <span class='ocrx_word' id='word_1_120' title='bbox 783 2791 819 2852; x_wconf 91' lang='lat' dir='ltr'>in</span> <span class='ocrx_word' id='word_1_121' title='bbox 842 2779 1001 2874; x_wconf 69' lang='lat' dir='ltr'>praedicto</span> <span class='ocrx_word' id='word_1_122' title='bbox 1025 2796 1215 2854; x_wconf 83' lang='lat' dir='ltr'>tenemento</span> <span class='ocrx_word' id='word_1_123' title='bbox 1236 2795 1297 2854; x_wconf 88' lang='lat' dir='ltr'>aut</span> <span class='ocrx_word' id='word_1_124' title='bbox 1319 2791 1391 2875; x_wconf 89' lang='lat' dir='ltr'>ejus</span> <span class='ocrx_word' id='word_1_125' title='bbox 1413 2793 1513 2877; x_wconf 89' lang='lat' dir='ltr'>perti·</span> 
     </span>
    </p>

    <p class='ocr_par' dir='ltr' id='par_1_16' title="bbox 464 2891 1514 2978">
     <span class='ocr_line' id='line_1_19' title="bbox 464 2891 1514 2978; baseline 0 -20"><span class='ocrx_word' id='word_1_126' title='bbox 464 2893 587 2958; x_wconf 90' lang='lat' dir='ltr'>nentiis</span> <span class='ocrx_word' id='word_1_127' title='bbox 619 2893 782 2978; x_wconf 76' lang='lat' dir='ltr'>possimus</span> <span class='ocrx_word' id='word_1_128' title='bbox 804 2891 1001 2969; x_wconf 79' lang='lat' dir='ltr'>vendicare;</span> <span class='ocrx_word' id='word_1_129' title='bbox 1031 2913 1091 2956; x_wconf 91' lang='lat' dir='ltr'>nec</span> <span class='ocrx_word' id='word_1_130' title='bbox 1123 2891 1269 2977; x_wconf 88' lang='lat' dir='ltr'>aliquam</span> <span class='ocrx_word' id='word_1_131' title='bbox 1302 2897 1423 2958; x_wconf 88' lang='lat' dir='ltr'>sectam</span> <span class='ocrx_word' id='word_1_132' title='bbox 1454 2915 1514 2958; x_wconf 92' lang='lat' dir='ltr'>nee</span> 
     </span>
    </p>

    <p class='ocr_par' dir='ltr' id='par_1_17' title="bbox 464 2993 1513 3080">
     <span class='ocr_line' id='line_1_20' title="bbox 464 2993 1513 3080; baseline -0.001 -21"><span class='ocrx_word' id='word_1_133' title='bbox 464 2995 654 3080; x_wconf 85' lang='lat' dir='ltr'>homagium</span> <span class='ocrx_word' id='word_1_134' title='bbox 678 2994 718 3058; x_wconf 89' lang='lat' dir='ltr'>de</span> <span class='ocrx_word' id='word_1_135' title='bbox 740 2994 906 3079; x_wconf 83' lang='lat' dir='ltr'>praedictis</span> <span class='ocrx_word' id='word_1_136' title='bbox 925 2993 1045 3058; x_wconf 84' lang='lat' dir='ltr'>abbate</span> <span class='ocrx_word' id='word_1_137' title='bbox 1062 2997 1096 3058; x_wconf 91' lang='lat' dir='ltr'>et</span> <span class='ocrx_word' id='word_1_138' title='bbox 1114 3000 1288 3072; x_wconf 89' lang='lat' dir='ltr'>conventu,</span> <span class='ocrx_word' id='word_1_139' title='bbox 1304 3017 1365 3060; x_wconf 91' lang='lat' dir='ltr'>nec</span> <span class='ocrx_word' id='word_1_140' title='bbox 1388 2995 1513 3080; x_wconf 84' lang='lat' dir='ltr'>aliquid</span> 
     </span>
    </p>

    <p class='ocr_par' dir='ltr' id='par_1_18' title="bbox 463 3093 1513 3174">
     <span class='ocr_line' id='line_1_21' title="bbox 463 3093 1513 3174; baseline 0.002 -14"><span class='ocrx_word' id='word_1_141' title='bbox 463 3096 555 3162; x_wconf 87' lang='lat' dir='ltr'>aliud</span> <span class='ocrx_word' id='word_1_142' title='bbox 579 3095 754 3159; x_wconf 80' lang='lat' dir='ltr'>servicium</span> <span class='ocrx_word' id='word_1_143' title='bbox 770 3093 813 3158; x_wconf 88' lang='lat' dir='ltr'>ab</span> <span class='ocrx_word' id='word_1_144' title='bbox 829 3094 951 3158; x_wconf 89' lang='lat' dir='ltr'>eisdem</span> <span class='ocrx_word' id='word_1_145' title='bbox 968 3095 1020 3158; x_wconf 89' lang='lat' dir='ltr'>vel</span> <span class='ocrx_word' id='word_1_146' title='bbox 1045 3115 1157 3160; x_wconf 84' lang='lat' dir='ltr'>eorum</span> <span class='ocrx_word' id='word_1_147' title='bbox 1181 3097 1426 3174; x_wconf 85' lang='lat' dir='ltr'>successoribus,</span> <span class='ocrx_word' id='word_1_148' title='bbox 1443 3097 1513 3162; x_wconf 85' lang='lat' dir='ltr'>sive</span> 
     </span>
    </p>

    <p class='ocr_par' dir='ltr' id='par_1_19' title="bbox 463 3196 1512 3285">
     <span class='ocr_line' id='line_1_22' title="bbox 463 3196 1512 3285; baseline 0 -21"><span class='ocrx_word' id='word_1_149' title='bbox 463 3221 483 3264; x_wconf 92' lang='lat' dir='ltr'>a</span> <span class='ocrx_word' id='word_1_150' title='bbox 506 3196 705 3272; x_wconf 88' lang='lat' dir='ltr'>tenentibus,</span> <span class='ocrx_word' id='word_1_151' title='bbox 721 3196 761 3260; x_wconf 91' lang='lat' dir='ltr'>de</span> <span class='ocrx_word' id='word_1_152' title='bbox 785 3201 856 3261; x_wconf 90' lang='lat' dir='ltr'>toto</span> <span class='ocrx_word' id='word_1_153' title='bbox 879 3196 1036 3280; x_wconf 74' lang='lat' dir='ltr'>praedicto</span> <span class='ocrx_word' id='word_1_154' title='bbox 1060 3201 1247 3261; x_wconf 83' lang='lat' dir='ltr'>tenemento</span> <span class='ocrx_word' id='word_1_155' title='bbox 1270 3199 1512 3285; x_wconf 72' lang='lat' dir='ltr'>imperpetuum</span> 
     </span>
    </p>

    <p class='ocr_par' dir='ltr' id='par_1_20' title="bbox 464 3296 1512 3386">
     <span class='ocr_line' id='line_1_23' title="bbox 464 3296 1512 3386; baseline 0.002 -21"><span class='ocrx_word' id='word_1_156' title='bbox 464 3300 625 3386; x_wconf 87' lang='lat' dir='ltr'>possimus</span> <span class='ocrx_word' id='word_1_157' title='bbox 647 3298 799 3384; x_wconf 86' lang='lat' dir='ltr'>exigere3</span> <span class='ocrx_word' id='word_1_158' title='bbox 829 3296 921 3362; x_wconf 90' lang='lat' dir='ltr'>salvo</span> <span class='ocrx_word' id='word_1_159' title='bbox 944 3298 1094 3382; x_wconf 86' lang='lat' dir='ltr'>scutagio</span> <span class='ocrx_word' id='word_1_160' title='bbox 1117 3303 1279 3384; x_wconf 90' lang='lat' dir='ltr'>quantum</span> <span class='ocrx_word' id='word_1_161' title='bbox 1302 3301 1448 3385; x_wconf 80' lang='lat' dir='ltr'>pertinet</span> <span class='ocrx_word' id='word_1_162' title='bbox 1469 3304 1512 3368; x_wconf 89' lang='lat' dir='ltr'>ad</span> 
     </span>
    </p>

    <p class='ocr_par' dir='ltr' id='par_1_21' title="bbox 464 3399 1511 3484">
     <span class='ocr_line' id='line_1_24' title="bbox 464 3399 1511 3484; baseline 0.004 -20"><span class='ocrx_word' id='word_1_163' title='bbox 464 3402 589 3466; x_wconf 90' lang='lat' dir='ltr'>dictum</span> <span class='ocrx_word' id='word_1_164' title='bbox 606 3402 832 3464; x_wconf 87' lang='lat' dir='ltr'>tenementum</span> <span class='ocrx_word' id='word_1_165' title='bbox 855 3419 930 3463; x_wconf 89' lang='lat' dir='ltr'>cum</span> <span class='ocrx_word' id='word_1_166' title='bbox 953 3399 1151 3484; x_wconf 84' lang='lat' dir='ltr'>generaliter</span> <span class='ocrx_word' id='word_1_167' title='bbox 1166 3401 1298 3466; x_wconf 89' lang='lat' dir='ltr'>evenire</span> <span class='ocrx_word' id='word_1_168' title='bbox 1314 3401 1369 3467; x_wconf 90' lang='lat' dir='ltr'>vel</span> <span class='ocrx_word' id='word_1_169' title='bbox 1384 3424 1511 3468; x_wconf 87' lang='lat' dir='ltr'>currere</span> 
     </span>
    </p>

    <p class='ocr_par' dir='ltr' id='par_1_22' title="bbox 463 3498 1512 3586">
     <span class='ocr_line' id='line_1_25' title="bbox 463 3498 1512 3586; baseline 0.005 -22"><span class='ocrx_word' id='word_1_170' title='bbox 463 3500 645 3586; x_wconf 89' lang='lat' dir='ltr'>contigerit.</span> <span class='ocrx_word' id='word_1_171' title='bbox 693 3498 755 3562; x_wconf 89' lang='lat' dir='ltr'>Pro</span> <span class='ocrx_word' id='word_1_172' title='bbox 779 3499 840 3564; x_wconf 88' lang='lat' dir='ltr'>hac</span> <span class='ocrx_word' id='word_1_173' title='bbox 855 3505 968 3564; x_wconf 87' lang='lat' dir='ltr'>autern</span> <span class='ocrx_word' id='word_1_174' title='bbox 984 3502 1230 3566; x_wconf 81' lang='lat' dir='ltr'>confirmatione</span> <span class='ocrx_word' id='word_1_175' title='bbox 1255 3508 1289 3568; x_wconf 89' lang='lat' dir='ltr'>et</span> <span class='ocrx_word' id='word_1_176' title='bbox 1309 3506 1512 3570; x_wconf 75' lang='lat' dir='ltr'>concessione</span> 
     </span>
    </p>

    <p class='ocr_par' dir='ltr' id='par_1_23' title="bbox 463 3600 1418 3686">
     <span class='ocr_line' id='line_1_26' title="bbox 463 3600 1418 3686; baseline 0.005 -21"><span class='ocrx_word' id='word_1_177' title='bbox 463 3623 544 3676; x_wconf 86' lang='lat' dir='ltr'>mea,</span> <span class='ocrx_word' id='word_1_178' title='bbox 567 3600 730 3664; x_wconf 88' lang='lat' dir='ltr'>dederunt</span> <span class='ocrx_word' id='word_1_179' title='bbox 753 3601 835 3664; x_wconf 89' lang='lat' dir='ltr'>mihi</span> <span class='ocrx_word' id='word_1_180' title='bbox 860 3601 1009 3686; x_wconf 86' lang='lat' dir='ltr'>pnedicti</span> <span class='ocrx_word' id='word_1_181' title='bbox 1034 3601 1134 3667; x_wconf 85' lang='lat' dir='ltr'>abbas</span> <span class='ocrx_word' id='word_1_182' title='bbox 1158 3610 1192 3668; x_wconf 89' lang='lat' dir='ltr'>ct</span> <span class='ocrx_word' id='word_1_183' title='bbox 1214 3605 1418 3670; x_wconf 83' lang='lat' dir='ltr'>conventus.¹</span> 
     </span>
    </p>

    <p class='ocr_par' dir='ltr' id='par_1_24' title="bbox 462 3633 1768 4078">
     <span class='ocr_line' id='line_1_27' title="bbox 506 3702 1512 3795; baseline 0.006 -29"><span class='ocrx_word' id='word_1_184' title='bbox 506 3703 551 3766; x_wconf 87' lang='lat' dir='ltr'>Et</span> <span class='ocrx_word' id='word_1_185' title='bbox 574 3707 613 3765; x_wconf 86' lang='lat' dir='ltr'>nt</span> <span class='ocrx_word' id='word_1_186' title='bbox 635 3702 706 3766; x_wconf 70' lang='lat' dir='ltr'>haec</span> <span class='ocrx_word' id='word_1_187' title='bbox 729 3723 802 3767; x_wconf 89' lang='lat' dir='ltr'>mea</span> <span class='ocrx_word' id='word_1_188' title='bbox 825 3703 988 3767; x_wconf 86' lang='lat' dir='ltr'>concessio</span> <span class='ocrx_word' id='word_1_189' title='bbox 1019 3709 1053 3767; x_wconf 87' lang='lat' dir='ltr'>ct</span> <span class='ocrx_word' id='word_1_190' title='bbox 1076 3705 1280 3771; x_wconf 86' lang='lat' dir='ltr'>confirmatio</span> <span class='ocrx_word' id='word_1_191' title='bbox 1311 3707 1410 3772; x_wconf 89' lang='lat' dir='ltr'>robur</span> <span class='ocrx_word' id='word_1_192' title='bbox 1440 3731 1512 3795; x_wconf 89' lang='lat' dir='ltr'>per·</span> 
     </span>
     <span class='ocr_line' id='line_1_28' title="bbox 462 3802 1767 3900; baseline 0.006 -32"><span class='ocrx_word' id='word_1_193' title='bbox 462 3802 638 3889; x_wconf 86' lang='lat' dir='ltr'>petuitatis</span> <span class='ocrx_word' id='word_1_194' title='bbox 673 3803 857 3888; x_wconf 90' lang='lat' dir='ltr'>optineant,</span> <span class='ocrx_word' id='word_1_195' title='bbox 880 3804 942 3869; x_wconf 93' lang='lat' dir='ltr'>hoc</span> <span class='ocrx_word' id='word_1_196' title='bbox 976 3805 1135 3891; x_wconf 84' lang='lat' dir='ltr'>scriptum</span> <span class='ocrx_word' id='word_1_197' title='bbox 1174 3809 1297 3873; x_wconf 86' lang='lat' dir='ltr'>eisdem</span> <span class='ocrx_word' id='word_1_198' title='bbox 1331 3809 1444 3874; x_wconf 88' lang='lat' dir='ltr'>abbati</span> <span class='ocrx_word' id='word_1_199' title='bbox 1479 3817 1514 3874; x_wconf 90' lang='lat' dir='ltr'>et</span> <span class='ocrx_word' id='word_1_200' title='bbox 1766 3870 1767 3900; x_wconf 28' lang='lat' dir='ltr'>p</span> 
     </span>
     <span class='ocr_line' id='line_1_29' title="bbox 462 3905 1184 3991; baseline 0.002 -21"><span class='ocrx_word' id='word_1_201' title='bbox 462 3906 641 3971; x_wconf 86' lang='lat' dir='ltr'>conventui</span> <span class='ocrx_word' id='word_1_202' title='bbox 666 3905 736 3981; x_wconf 86' lang='lat' dir='ltr'>feci,</span> <span class='ocrx_word' id='word_1_203' title='bbox 761 3912 795 3970; x_wconf 82' lang='lat' dir='ltr'>et</span> <span class='ocrx_word' id='word_1_204' title='bbox 818 3905 927 3991; x_wconf 89' lang='lat' dir='ltr'>sigillo</span> <span class='ocrx_word' id='word_1_205' title='bbox 950 3928 1023 3970; x_wconf 80' lang='lat' dir='ltr'>nreo</span> <span class='ocrx_word' id='word_1_206' title='bbox 1045 3907 1184 3991; x_wconf 85' lang='lat' dir='ltr'>signavi.</span> 
     </span>
    </p>
   </div>
   <div class='ocr_carea' id='block_1_6' title="bbox 833 4095 1138 4211">
    <p class='ocr_par' dir='ltr' id='par_1_25' title="bbox 833 4095 1138 4211">
     <span class='ocr_line' id='line_1_30' title="bbox 833 4095 1138 4211; baseline 0.007 -3"><span class='ocrx_word' id='word_1_207' title='bbox 833 4095 1138 4211; x_wconf 62' lang='lat' dir='ltr'>mmmm</span> 
     </span>
    </p>
   </div>
   <div class='ocr_carea' id='block_1_7' title="bbox 294 4285 1511 4622">
    <p class='ocr_par' dir='ltr' id='par_1_26' title="bbox 294 4285 1511 4622">
     <span class='ocr_line' id='line_1_31' title="bbox 509 4285 1461 4374; baseline 0.011 -24"><span class='ocrx_word' id='word_1_208' title='bbox 509 4286 612 4350; x_wconf 73' lang='lat' dir='ltr'>curm</span> <span class='ocrx_word' id='word_1_209' title='bbox 636 4285 815 4372; x_wconf 78' lang='lat' dir='ltr'>Rcdciphi</span> <span class='ocrx_word' id='word_1_210' title='bbox 839 4287 878 4350; x_wconf 80' lang='lat' dir='ltr'>cio</span> <span class='ocrx_word' id='word_1_211' title='bbox 901 4286 1079 4374; x_wconf 78' lang='lat' dir='ltr'>Pinhcney</span> <span class='ocrx_word' id='word_1_212' title='bbox 1102 4289 1142 4352; x_wconf 86' lang='lat' dir='ltr'>dc</span> <span class='ocrx_word' id='word_1_213' title='bbox 1165 4297 1256 4356; x_wconf 74' lang='lat' dir='ltr'>terra</span> <span class='ocrx_word' id='word_1_214' title='bbox 1279 4290 1322 4355; x_wconf 81' lang='lat' dir='ltr'>ic</span> <span class='ocrx_word' id='word_1_215' title='bbox 1345 4291 1461 4360; x_wconf 83' lang='lat' dir='ltr'>Paron</span> 
     </span>
     <span class='ocr_line' id='line_1_32' title="bbox 896 4385 1097 4455; baseline 0.015 -3"><span class='ocrx_word' id='word_1_216' title='bbox 896 4385 1097 4455; x_wconf 79' lang='lat' dir='ltr'>Schcrstone.</span> 
     </span>
     <span class='ocr_line' id='line_1_33' title="bbox 294 4527 1511 4622; baseline 0.012 -33"><span class='ocrx_word' id='word_1_217' title='bbox 294 4530 416 4580; x_wconf 74' lang='lat' dir='ltr'>Grantoi</span> <span class='ocrx_word' id='word_1_218' title='bbox 509 4527 625 4591; x_wconf 81' lang='lat' dir='ltr'>Sciant</span> <span class='ocrx_word' id='word_1_219' title='bbox 654 4536 833 4613; x_wconf 82' lang='lat' dir='ltr'>praesentes</span> <span class='ocrx_word' id='word_1_220' title='bbox 860 4536 895 4593; x_wconf 90' lang='lat' dir='ltr'>et</span> <span class='ocrx_word' id='word_1_221' title='bbox 918 4529 1022 4594; x_wconf 81' lang='lat' dir='ltr'>futuri</span> <span class='ocrx_word' id='word_1_222' title='bbox 1047 4533 1136 4616; x_wconf 89' lang='lat' dir='ltr'>quod</span> <span class='ocrx_word' id='word_1_223' title='bbox 1167 4555 1227 4618; x_wconf 86' lang='lat' dir='ltr'>ego</span> <span class='ocrx_word' id='word_1_224' title='bbox 1251 4533 1447 4622; x_wconf 85' lang='lat' dir='ltr'>Radulphue</span> <span class='ocrx_word' id='word_1_225' title='bbox 1470 4539 1511 4603; x_wconf 88' lang='lat' dir='ltr'>de</span> 
     </span>
    </p>
   </div>
   <div class='ocr_carea' id='block_1_8' title="bbox 293 4596 1512 4716">
    <p class='ocr_par' dir='ltr' id='par_1_27' title="bbox 293 4596 1512 4716">
     <span class='ocr_line' id='line_1_34' title="bbox 293 4596 1512 4716; baseline 0.011 -23"><span class='ocrx_word' id='word_1_226' title='bbox 293 4596 393 4712; x_wconf 45' lang='lat' dir='ltr'>iffi?</span> <span class='ocrx_word' id='word_1_227' title='bbox 462 4628 634 4714; x_wconf 88' lang='lat' dir='ltr'>Pinkeney</span> <span class='ocrx_word' id='word_1_228' title='bbox 667 4629 708 4694; x_wconf 88' lang='lat' dir='ltr'>de</span> <span class='ocrx_word' id='word_1_229' title='bbox 732 4631 839 4695; x_wconf 87' lang='lat' dir='ltr'>Parva</span> <span class='ocrx_word' id='word_1_230' title='bbox 863 4631 1068 4710; x_wconf 80' lang='lat' dir='ltr'>Sherestone,</span> <span class='ocrx_word' id='word_1_231' title='bbox 1092 4635 1175 4711; x_wconf 88' lang='lat' dir='ltr'>dedi,</span> <span class='ocrx_word' id='word_1_232' title='bbox 1209 4639 1362 4716; x_wconf 84' lang='lat' dir='ltr'>concessi,</span> <span class='ocrx_word' id='word_1_233' title='bbox 1385 4645 1420 4704; x_wconf 91' lang='lat' dir='ltr'>et</span> <span class='ocrx_word' id='word_1_234' title='bbox 1451 4641 1512 4706; x_wconf 87' lang='lat' dir='ltr'>bac</span> 
     </span>
    </p>
   </div>
   <div class='ocr_carea' id='block_1_9' title="bbox 292 4727 1381 4898">
    <p class='ocr_par' dir='ltr' id='par_1_28' title="bbox 292 4727 1381 4898">
     <span class='ocr_line' id='line_1_35' title="bbox 292 4727 1381 4780; baseline 0.002 -2"><span class='ocrx_word' id='word_1_235' title='bbox 292 4727 436 4780; x_wconf 76' lang='lat' dir='ltr'>Sherstone</span> <span class='ocrx_word' id='word_1_236' title='bbox 711 4767 824 4774; x_wconf 40' lang='lat'><strong>—..-,</strong></span> <span class='ocrx_word' id='word_1_237' title='bbox 1087 4769 1190 4776; x_wconf 69' lang='lat'>.--</span> <span class='ocrx_word' id='word_1_238' title='bbox 1201 4771 1221 4777; x_wconf 84' lang='lat'>.-</span> <span class='ocrx_word' id='word_1_239' title='bbox 1258 4773 1347 4780; x_wconf 38' lang='grc' dir='ltr'>ὴ-</span> <span class='ocrx_word' id='word_1_240' title='bbox 1362 4776 1381 4780; x_wconf 88' lang='grc'>,.</span> 
     </span>
     <span class='ocr_line' id='line_1_36' title="bbox 738 4826 1232 4898; baseline 0.022 -22"><span class='ocrx_word' id='word_1_241' title='bbox 738 4827 745 4859; x_wconf 67' lang='lat'>³</span> <span class='ocrx_word' id='word_1_242' title='bbox 764 4826 819 4882; x_wconf 83' lang='lat' dir='ltr'>The</span> <span class='ocrx_word' id='word_1_243' title='bbox 831 4842 886 4877; x_wconf 83' lang='lat' dir='ltr'>sum</span> <span class='ocrx_word' id='word_1_244' title='bbox 898 4826 972 4898; x_wconf 82' lang='lat' dir='ltr'>given</span> <span class='ocrx_word' id='word_1_245' title='bbox 985 4828 1006 4879; x_wconf 88' lang='lat' dir='ltr'>is</span> <span class='ocrx_word' id='word_1_246' title='bbox 1018 4829 1125 4881; x_wconf 84' lang='lat' dir='ltr'>omitted</span> <span class='ocrx_word' id='word_1_247' title='bbox 1137 4831 1163 4884; x_wconf 87' lang='lat' dir='ltr'>in</span> <span class='ocrx_word' id='word_1_248' title='bbox 1176 4832 1232 4890; x_wconf 76' lang='lat' dir='ltr'>MS.</span> 
     </span>
    </p>
   </div>
   <div class='ocr_carea' id='block_1_10' title="bbox 0 0 1788 5820">
    <p class='ocr_par' dir='ltr' id='par_1_29' title="bbox 0 0 1788 5820">
     <span class='ocr_line' id='line_1_37' title="bbox 0 0 1788 5820; baseline 0 0"><span class='ocrx_word' id='word_1_249' title='bbox 0 0 1788 5820; x_wconf 95' lang='lat' dir='ltr'> </span> 
     </span>
    </p>
   </div>
  </div>
 </body>
</html>
