<?xml version="1.0" encoding="UTF-8"?>
<!DOCTYPE html PUBLIC "-//W3C//DTD XHTML 1.0 Transitional//EN"
    "http://www.w3.org/TR/xhtml1/DTD/xhtml1-transitional.dtd">
<html xmlns="http://www.w3.org/1999/xhtml" xml:lang="en" lang="en">
 <head>
  <title>
</title>
<meta http-equiv="Content-Type" content="text/html;charset=utf-8" />
  <meta name='ocr-system' content='tesseract 3.04.00' />
  <meta name='ocr-capabilities' content='ocr_page ocr_carea ocr_par ocr_line ocrx_word'/>
</head>
<body>
  <div class='ocr_page' id='page_1' title='image "./registrummalmes00martgoog_0317.png"; bbox 0 0 3526 5810; ppageno 0'>
   <div class='ocr_carea' id='block_1_1' title="bbox 515 889 1311 954">
    <p class='ocr_par' dir='ltr' id='par_1_1' title="bbox 515 889 1311 954">
     <span class='ocr_line' id='line_1_1' title="bbox 515 889 1311 954; baseline 0.005 -5"><span class='ocrx_word' id='word_1_1' title='bbox 515 901 713 951; x_wconf 81' lang='lat' dir='ltr'>naorsraum</span> <span class='ocrx_word' id='word_1_2' title='bbox 737 899 1058 951; x_wconf 75' lang='lat' dir='ltr'>umnrsauumrsn.</span> <span class='ocrx_word' id='word_1_3' title='bbox 1247 889 1311 954; x_wconf 76' lang='lat'>223</span> 
     </span>
    </p>
   </div>
   <div class='ocr_carea' id='block_1_2' title="bbox 260 1087 1412 2908">
    <p class='ocr_par' dir='ltr' id='par_1_2' title="bbox 260 1087 1412 2908">
     <span class='ocr_line' id='line_1_2' title="bbox 260 1087 1311 1172; baseline -0.001 -19"><span class='ocrx_word' id='word_1_4' title='bbox 260 1091 484 1154; x_wconf 74' lang='lat' dir='ltr'>tenementum</span> <span class='ocrx_word' id='word_1_5' title='bbox 508 1109 613 1164; x_wconf 89' lang='lat' dir='ltr'>suum,</span> <span class='ocrx_word' id='word_1_6' title='bbox 637 1094 671 1152; x_wconf 87' lang='lat' dir='ltr'>et</span> <span class='ocrx_word' id='word_1_7' title='bbox 695 1093 801 1152; x_wconf 84' lang='lat' dir='ltr'>totum</span> <span class='ocrx_word' id='word_1_8' title='bbox 820 1087 997 1172; x_wconf 87' lang='lat' dir='ltr'>jussuum</span> <span class='ocrx_word' id='word_1_9' title='bbox 1021 1089 1061 1153; x_wconf 90' lang='lat' dir='ltr'>dc</span> <span class='ocrx_word' id='word_1_10' title='bbox 1081 1087 1311 1154; x_wconf 80' lang='lat' dir='ltr'>Cheleworthe</span> 
     </span>
     <span class='ocr_line' id='line_1_3' title="bbox 261 1190 1309 1276; baseline 0.001 -21"><span class='ocrx_word' id='word_1_11' title='bbox 261 1213 335 1256; x_wconf 91' lang='lat' dir='ltr'>cum</span> <span class='ocrx_word' id='word_1_12' title='bbox 374 1191 527 1255; x_wconf 88' lang='lat' dir='ltr'>omnibus</span> <span class='ocrx_word' id='word_1_13' title='bbox 566 1190 784 1276; x_wconf 71' lang='lat' dir='ltr'>laertinentiis,</span> <span class='ocrx_word' id='word_1_14' title='bbox 823 1191 970 1256; x_wconf 86' lang='lat' dir='ltr'>caritatis</span> <span class='ocrx_word' id='word_1_15' title='bbox 1005 1191 1132 1256; x_wconf 89' lang='lat' dir='ltr'>intuitu</span> <span class='ocrx_word' id='word_1_16' title='bbox 1166 1191 1309 1256; x_wconf 73' lang='lat' dir='ltr'>ecclesiae</span> 
     </span>
     <span class='ocr_line' id='line_1_4' title="bbox 261 1294 1311 1370; baseline -0.001 -12"><span class='ocrx_word' id='word_1_17' title='bbox 261 1297 382 1359; x_wconf 75' lang='lat' dir='ltr'>nostrae</span> <span class='ocrx_word' id='word_1_18' title='bbox 411 1299 622 1370; x_wconf 87' lang='lat' dir='ltr'>concesserat,</span> <span class='ocrx_word' id='word_1_19' title='bbox 655 1299 694 1358; x_wconf 90' lang='lat' dir='ltr'>ut</span> <span class='ocrx_word' id='word_1_20' title='bbox 724 1315 835 1358; x_wconf 90' lang='lat' dir='ltr'>eorum</span> <span class='ocrx_word' id='word_1_21' title='bbox 868 1294 987 1358; x_wconf 70' lang='lat' dir='ltr'>animae</span> <span class='ocrx_word' id='word_1_22' title='bbox 1016 1300 1049 1359; x_wconf 90' lang='lat' dir='ltr'>ct</span> <span class='ocrx_word' id='word_1_23' title='bbox 1071 1299 1311 1360; x_wconf 88' lang='lat' dir='ltr'>antecessorum</span> 
     </span>
     <span class='ocr_line' id='line_1_5' title="bbox 263 1395 1412 1462; baseline 0 -2"><span class='ocrx_word' id='word_1_24' title='bbox 263 1398 297 1460; x_wconf 91' lang='lat' dir='ltr'>in</span> <span class='ocrx_word' id='word_1_25' title='bbox 320 1398 476 1462; x_wconf 90' lang='lat' dir='ltr'>memoria</span> <span class='ocrx_word' id='word_1_26' title='bbox 509 1401 622 1461; x_wconf 88' lang='lat' dir='ltr'>nostra</span> <span class='ocrx_word' id='word_1_27' title='bbox 655 1417 731 1460; x_wconf 90' lang='lat' dir='ltr'>cum</span> <span class='ocrx_word' id='word_1_28' title='bbox 755 1397 882 1460; x_wconf 81' lang='lat' dir='ltr'>oaeteris</span> <span class='ocrx_word' id='word_1_29' title='bbox 908 1397 1170 1462; x_wconf 87' lang='lat' dir='ltr'>benefactoribus</span> <span class='ocrx_word' id='word_1_30' title='bbox 1197 1395 1412 1462; x_wconf 61' lang='lat' dir='ltr'>domusma-</span> 
     </span>
     <span class='ocr_line' id='line_1_6' title="bbox 260 1500 1312 1588; baseline -0.001 -23"><span class='ocrx_word' id='word_1_31' title='bbox 260 1507 381 1566; x_wconf 79' lang='lat' dir='ltr'>nostrae</span> <span class='ocrx_word' id='word_1_32' title='bbox 404 1505 562 1588; x_wconf 83' lang='lat' dir='ltr'>perpetue</span> <span class='ocrx_word' id='word_1_33' title='bbox 585 1500 793 1566; x_wconf 80' lang='lat' dir='ltr'><strong>haberentur.</strong></span> <span class='ocrx_word' id='word_1_34' title='bbox 841 1500 963 1566; x_wconf 81' lang='lat' dir='ltr'><strong>Omnes</strong></span> <span class='ocrx_word' id='word_1_35' title='bbox 986 1501 1086 1566; x_wconf 89' lang='lat' dir='ltr'>etiam</span> <span class='ocrx_word' id='word_1_36' title='bbox 1109 1501 1166 1586; x_wconf 88' lang='lat' dir='ltr'>qui</span> <span class='ocrx_word' id='word_1_37' title='bbox 1190 1501 1312 1566; x_wconf 69' lang='lat' dir='ltr'>diomm</span> 
     </span>
     <span class='ocr_line' id='line_1_7' title="bbox 260 1603 1313 1690; baseline 0 -22"><span class='ocrx_word' id='word_1_38' title='bbox 260 1605 488 1669; x_wconf 79' lang='lat' dir='ltr'>liberationem</span> <span class='ocrx_word' id='word_1_39' title='bbox 527 1624 601 1669; x_wconf 90' lang='lat' dir='ltr'>cum</span> <span class='ocrx_word' id='word_1_40' title='bbox 640 1603 737 1667; x_wconf 86' lang='lat' dir='ltr'>rebus</span> <span class='ocrx_word' id='word_1_41' title='bbox 773 1605 971 1690; x_wconf 65' lang='lat' dir='ltr'>praescriptis</span> <span class='ocrx_word' id='word_1_42' title='bbox 1009 1604 1045 1668; x_wconf 93' lang='lat' dir='ltr'>in</span> <span class='ocrx_word' id='word_1_43' title='bbox 1076 1609 1148 1669; x_wconf 89' lang='lat' dir='ltr'>toto</span> <span class='ocrx_word' id='word_1_44' title='bbox 1185 1603 1239 1668; x_wconf 91' lang='lat' dir='ltr'>vel</span> <span class='ocrx_word' id='word_1_45' title='bbox 1277 1605 1313 1668; x_wconf 89' lang='lat' dir='ltr'>in</span> 
     </span>
     <span class='ocr_line' id='line_1_8' title="bbox 260 1705 1313 1794; baseline 0.001 -22"><span class='ocrx_word' id='word_1_46' title='bbox 260 1712 355 1794; x_wconf 85' lang='lat' dir='ltr'>parte</span> <span class='ocrx_word' id='word_1_47' title='bbox 385 1707 572 1772; x_wconf 80' lang='lat' dir='ltr'>detinentes</span> <span class='ocrx_word' id='word_1_48' title='bbox 603 1706 656 1772; x_wconf 90' lang='lat' dir='ltr'>vel</span> <span class='ocrx_word' id='word_1_49' title='bbox 688 1705 919 1783; x_wconf 89' lang='lat' dir='ltr'>diminuentes,</span> <span class='ocrx_word' id='word_1_50' title='bbox 952 1706 1014 1770; x_wconf 90' lang='lat' dir='ltr'>Dei</span> <span class='ocrx_word' id='word_1_51' title='bbox 1051 1707 1313 1792; x_wconf 76' lang='lat' dir='ltr'>indignationem</span> 
     </span>
     <span class='ocr_line' id='line_1_9' title="bbox 261 1807 1313 1894; baseline -0.001 -20"><span class='ocrx_word' id='word_1_52' title='bbox 261 1813 295 1874; x_wconf 88' lang='lat' dir='ltr'>et</span> <span class='ocrx_word' id='word_1_53' title='bbox 310 1809 505 1873; x_wconf 90' lang='lat' dir='ltr'>universalis</span> <span class='ocrx_word' id='word_1_54' title='bbox 522 1829 621 1872; x_wconf 74' lang='lat' dir='ltr'>sacrm</span> <span class='ocrx_word' id='word_1_55' title='bbox 637 1807 780 1873; x_wconf 86' lang='lat' dir='ltr'>ecclesiae</span> <span class='ocrx_word' id='word_1_56' title='bbox 796 1808 1167 1874; x_wconf 81' lang='lat' dir='ltr'>excommunicationem</span> <span class='ocrx_word' id='word_1_57' title='bbox 1186 1809 1313 1894; x_wconf 83' lang='lat' dir='ltr'>jugiter</span> 
     </span>
     <span class='ocr_line' id='line_1_10' title="bbox 261 1911 1312 1976; baseline -0.001 0"><span class='ocrx_word' id='word_1_58' title='bbox 261 1912 438 1976; x_wconf 83' lang='lat' dir='ltr'>incurrant</span> <span class='ocrx_word' id='word_1_59' title='bbox 486 1911 530 1976; x_wconf 84' lang='lat' dir='ltr'>Et</span> <span class='ocrx_word' id='word_1_60' title='bbox 560 1912 588 1976; x_wconf 89' lang='lat' dir='ltr'>si</span> <span class='ocrx_word' id='word_1_61' title='bbox 610 1933 631 1976; x_wconf 92' lang='lat' dir='ltr'>a</span> <span class='ocrx_word' id='word_1_62' title='bbox 653 1911 782 1976; x_wconf 91' lang='lat' dir='ltr'>duobus</span> <span class='ocrx_word' id='word_1_63' title='bbox 816 1911 869 1975; x_wconf 89' lang='lat' dir='ltr'>vel</span> <span class='ocrx_word' id='word_1_64' title='bbox 903 1911 1010 1976; x_wconf 89' lang='lat' dir='ltr'>tribus</span> <span class='ocrx_word' id='word_1_65' title='bbox 1033 1911 1192 1976; x_wconf 90' lang='lat' dir='ltr'>fratribus</span> <span class='ocrx_word' id='word_1_66' title='bbox 1226 1933 1312 1976; x_wconf 89' lang='lat' dir='ltr'>com-</span> 
     </span>
     <span class='ocr_line' id='line_1_11' title="bbox 261 2013 1312 2100; baseline -0.001 -21"><span class='ocrx_word' id='word_1_67' title='bbox 261 2014 415 2092; x_wconf 88' lang='lat' dir='ltr'>monitus,</span> <span class='ocrx_word' id='word_1_68' title='bbox 437 2034 459 2078; x_wconf 87' lang='lat' dir='ltr'>a</span> <span class='ocrx_word' id='word_1_69' title='bbox 480 2013 735 2100; x_wconf 78' lang='lat' dir='ltr'>praesumptione</span> <span class='ocrx_word' id='word_1_70' title='bbox 766 2034 889 2084; x_wconf 87' lang='lat' dir='ltr'>cessare</span> <span class='ocrx_word' id='word_1_71' title='bbox 922 2014 1075 2090; x_wconf 87' lang='lat' dir='ltr'>noluerit,</span> <span class='ocrx_word' id='word_1_72' title='bbox 1097 2035 1118 2078; x_wconf 93' lang='lat' dir='ltr'>a</span> <span class='ocrx_word' id='word_1_73' title='bbox 1149 2015 1312 2079; x_wconf 88' lang='lat' dir='ltr'>consortio</span> 
     </span>
     <span class='ocr_line' id='line_1_12' title="bbox 261 2117 1311 2203; baseline 0.002 -23"><span class='ocrx_word' id='word_1_74' title='bbox 261 2123 374 2182; x_wconf 86' lang='lat' dir='ltr'>nostro</span> <span class='ocrx_word' id='word_1_75' title='bbox 396 2118 442 2181; x_wconf 88' lang='lat' dir='ltr'>sit</span> <span class='ocrx_word' id='word_1_76' title='bbox 463 2122 642 2203; x_wconf 87' lang='lat' dir='ltr'>separatus.</span> <span class='ocrx_word' id='word_1_77' title='bbox 689 2117 739 2182; x_wconf 90' lang='lat' dir='ltr'>Ut</span> <span class='ocrx_word' id='word_1_78' title='bbox 760 2117 832 2182; x_wconf 85' lang='lat' dir='ltr'>baec</span> <span class='ocrx_word' id='word_1_79' title='bbox 854 2122 965 2182; x_wconf 88' lang='lat' dir='ltr'>autern</span> <span class='ocrx_word' id='word_1_80' title='bbox 996 2123 1109 2182; x_wconf 88' lang='lat' dir='ltr'>nostra</span> <span class='ocrx_word' id='word_1_81' title='bbox 1140 2119 1311 2195; x_wconf 82' lang='lat' dir='ltr'>concessio,</span> 
     </span>
     <span class='ocr_line' id='line_1_13' title="bbox 261 2217 1310 2305; baseline 0 -21"><span class='ocrx_word' id='word_1_82' title='bbox 261 2224 295 2284; x_wconf 88' lang='lat' dir='ltr'>et</span> <span class='ocrx_word' id='word_1_83' title='bbox 317 2219 399 2284; x_wconf 86' lang='lat' dir='ltr'>dieti</span> <span class='ocrx_word' id='word_1_84' title='bbox 422 2217 550 2283; x_wconf 85' lang='lat' dir='ltr'>Ernulfi</span> <span class='ocrx_word' id='word_1_85' title='bbox 573 2219 718 2292; x_wconf 87' lang='lat' dir='ltr'>donatio,</span> <span class='ocrx_word' id='word_1_86' title='bbox 741 2224 909 2304; x_wconf 70' lang='lat' dir='ltr'>perpetuae</span> <span class='ocrx_word' id='word_1_87' title='bbox 933 2219 1100 2283; x_wconf 90' lang='lat' dir='ltr'>firmitatis</span> <span class='ocrx_word' id='word_1_88' title='bbox 1133 2219 1232 2284; x_wconf 88' lang='lat' dir='ltr'>robur</span> <span class='ocrx_word' id='word_1_89' title='bbox 1254 2241 1310 2305; x_wconf 92' lang='lat' dir='ltr'>op·</span> 
     </span>
     <span class='ocr_line' id='line_1_14' title="bbox 260 2321 1311 2408; baseline -0.001 -21"><span class='ocrx_word' id='word_1_90' title='bbox 260 2323 400 2398; x_wconf 78' lang='lat' dir='ltr'>tineent,</span> <span class='ocrx_word' id='word_1_91' title='bbox 423 2323 521 2386; x_wconf 89' lang='lat' dir='ltr'>istam</span> <span class='ocrx_word' id='word_1_92' title='bbox 544 2327 741 2407; x_wconf 59' lang='lat' dir='ltr'>praesentem</span> <span class='ocrx_word' id='word_1_93' title='bbox 764 2327 889 2386; x_wconf 88' lang='lat' dir='ltr'>cartam</span> <span class='ocrx_word' id='word_1_94' title='bbox 912 2321 1029 2408; x_wconf 84' lang='lat' dir='ltr'>sigillis</span> <span class='ocrx_word' id='word_1_95' title='bbox 1052 2323 1173 2386; x_wconf 92' lang='lat' dir='ltr'>nostris</span> <span class='ocrx_word' id='word_1_96' title='bbox 1205 2323 1311 2387; x_wconf 89' lang='lat' dir='ltr'>eidem</span> 
     </span>
     <span class='ocr_line' id='line_1_15' title="bbox 261 2423 1313 2509; baseline 0.004 -22"><span class='ocrx_word' id='word_1_97' title='bbox 261 2424 494 2489; x_wconf 79' lang='lat' dir='ltr'>roboravimus.</span> <span class='ocrx_word' id='word_1_98' title='bbox 540 2423 615 2487; x_wconf 90' lang='lat' dir='ltr'>Hiis</span> <span class='ocrx_word' id='word_1_99' title='bbox 640 2423 780 2488; x_wconf 89' lang='lat' dir='ltr'>testibus</span> <span class='ocrx_word' id='word_1_100' title='bbox 803 2423 1005 2509; x_wconf 88' lang='lat' dir='ltr'>subscriptis,</span> <span class='ocrx_word' id='word_1_101' title='bbox 1028 2424 1123 2509; x_wconf 88' lang='lat' dir='ltr'>plura</span> <span class='ocrx_word' id='word_1_102' title='bbox 1155 2425 1313 2491; x_wconf 88' lang='lat' dir='ltr'>beneficia</span> 
     </span>
     <span class='ocr_line' id='line_1_16' title="bbox 261 2525 1312 2610; baseline 0 -20"><span class='ocrx_word' id='word_1_103' title='bbox 261 2526 324 2590; x_wconf 87' lang='lat' dir='ltr'>sibi</span> <span class='ocrx_word' id='word_1_104' title='bbox 347 2525 504 2590; x_wconf 83' lang='lat' dir='ltr'>sociemus</span> <span class='ocrx_word' id='word_1_105' title='bbox 527 2526 777 2610; x_wconf 89' lang='lat' dir='ltr'>imperpetuum,</span> <span class='ocrx_word' id='word_1_106' title='bbox 802 2525 965 2602; x_wconf 86' lang='lat' dir='ltr'>videlicet,</span> <span class='ocrx_word' id='word_1_107' title='bbox 989 2525 1111 2591; x_wconf 89' lang='lat' dir='ltr'>Milone</span> <span class='ocrx_word' id='word_1_108' title='bbox 1134 2526 1174 2590; x_wconf 90' lang='lat' dir='ltr'>de</span> <span class='ocrx_word' id='word_1_109' title='bbox 1197 2527 1312 2591; x_wconf 91' lang='lat' dir='ltr'>Daun-</span> 
     </span>
     <span class='ocr_line' id='line_1_17' title="bbox 261 2627 1312 2713; baseline 0 -20"><span class='ocrx_word' id='word_1_110' title='bbox 261 2635 381 2713; x_wconf 88' lang='lat' dir='ltr'>teseye,</span> <span class='ocrx_word' id='word_1_111' title='bbox 406 2628 512 2692; x_wconf 87' lang='lat' dir='ltr'>Adam</span> <span class='ocrx_word' id='word_1_112' title='bbox 537 2629 577 2692; x_wconf 91' lang='lat' dir='ltr'>de</span> <span class='ocrx_word' id='word_1_113' title='bbox 601 2627 768 2703; x_wconf 86' lang='lat' dir='ltr'>Puritone,</span> <span class='ocrx_word' id='word_1_114' title='bbox 790 2627 937 2692; x_wconf 85' lang='lat' dir='ltr'>Jordano</span> <span class='ocrx_word' id='word_1_115' title='bbox 962 2629 1086 2705; x_wconf 82' lang='lat' dir='ltr'>Bassat,</span> <span class='ocrx_word' id='word_1_116' title='bbox 1111 2628 1248 2693; x_wconf 85' lang='lat' dir='ltr'>Ernulfo</span> <span class='ocrx_word' id='word_1_117' title='bbox 1271 2629 1312 2694; x_wconf 87' lang='lat' dir='ltr'>do</span> 
     </span>
     <span class='ocr_line' id='line_1_18' title="bbox 262 2728 1312 2813; baseline -0.001 -19"><span class='ocrx_word' id='word_1_118' title='bbox 262 2729 424 2813; x_wconf 75' lang='lat' dir='ltr'>Assdleye,</span> <span class='ocrx_word' id='word_1_119' title='bbox 449 2728 614 2793; x_wconf 83' lang='lat' dir='ltr'>Willelmo</span> <span class='ocrx_word' id='word_1_120' title='bbox 646 2729 686 2792; x_wconf 89' lang='lat' dir='ltr'>de</span> <span class='ocrx_word' id='word_1_121' title='bbox 714 2728 908 2804; x_wconf 81' lang='lat' dir='ltr'>Orudewlle,</span> <span class='ocrx_word' id='word_1_122' title='bbox 933 2729 1078 2794; x_wconf 90' lang='lat' dir='ltr'>Waltero</span> <span class='ocrx_word' id='word_1_123' title='bbox 1101 2733 1141 2795; x_wconf 92' lang='lat' dir='ltr'>de</span> <span class='ocrx_word' id='word_1_124' title='bbox 1175 2729 1312 2795; x_wconf 90' lang='lat' dir='ltr'>Niwen-</span> 
     </span>
     <span class='ocr_line' id='line_1_19' title="bbox 262 2831 1177 2908; baseline 0.002 -12"><span class='ocrx_word' id='word_1_125' title='bbox 262 2837 350 2908; x_wconf 85' lang='lat' dir='ltr'>tone,</span> <span class='ocrx_word' id='word_1_126' title='bbox 376 2831 540 2896; x_wconf 89' lang='lat' dir='ltr'>Willelmo</span> <span class='ocrx_word' id='word_1_127' title='bbox 564 2833 604 2896; x_wconf 90' lang='lat' dir='ltr'>de</span> <span class='ocrx_word' id='word_1_128' title='bbox 627 2832 874 2908; x_wconf 85' lang='lat' dir='ltr'>Hanekintone,</span> <span class='ocrx_word' id='word_1_129' title='bbox 899 2839 933 2897; x_wconf 87' lang='lat' dir='ltr'>et</span> <span class='ocrx_word' id='word_1_130' title='bbox 955 2833 1071 2898; x_wconf 87' lang='lat' dir='ltr'>multis</span> <span class='ocrx_word' id='word_1_131' title='bbox 1093 2833 1177 2898; x_wconf 84' lang='lat' dir='ltr'>aliis</span> 
     </span>
    </p>
   </div>
   <div class='ocr_carea' id='block_1_3' title="bbox 632 3071 943 3136">
    <p class='ocr_par' dir='ltr' id='par_1_3' title="bbox 632 3071 943 3136">
     <span class='ocr_line' id='line_1_20' title="bbox 632 3071 943 3136; baseline -0.01 0"><span class='ocrx_word' id='word_1_132' title='bbox 632 3071 710 3136; x_wconf 68' lang='lat' dir='ltr'>Otr.</span> <span class='ocrx_word' id='word_1_133' title='bbox 738 3071 943 3136; x_wconf 79' lang='lat' dir='ltr'>CCCXLIX.</span> 
     </span>
    </p>
   </div>
   <div class='ocr_carea' id='block_1_4' title="bbox 280 3175 1296 3412">
    <p class='ocr_par' dir='ltr' id='par_1_4' title="bbox 280 3175 1296 3412">
     <span class='ocr_line' id='line_1_21' title="bbox 280 3175 1296 3311; baseline 0.004 -23"><span class='ocrx_word' id='word_1_134' title='bbox 280 3224 401 3306; x_wconf 81' lang='lat' dir='ltr'>Quieta</span> <span class='ocrx_word' id='word_1_135' title='bbox 423 3223 613 3288; x_wconf 74' lang='lat' dir='ltr'>stemmatio</span> <span class='ocrx_word' id='word_1_136' title='bbox 634 3175 781 3289; x_wconf 65' lang='lat' dir='ltr'>dicandi</span> <span class='ocrx_word' id='word_1_137' title='bbox 798 3225 876 3311; x_wconf 69' lang='lat' dir='ltr'>¹filii</span> <span class='ocrx_word' id='word_1_138' title='bbox 902 3225 1076 3310; x_wconf 75' lang='lat' dir='ltr'>procudam</span> <span class='ocrx_word' id='word_1_139' title='bbox 1110 3227 1240 3293; x_wconf 72' lang='lat' dir='ltr'>memo</span> <span class='ocrx_word' id='word_1_140' title='bbox 1267 3229 1296 3294; x_wconf 86' lang='lat' dir='ltr'>tc</span> 
     </span>
     <span class='ocr_line' id='line_1_22' title="bbox 482 3326 1095 3412; baseline 0.002 -21"><span class='ocrx_word' id='word_1_141' title='bbox 482 3326 577 3391; x_wconf 80' lang='lat' dir='ltr'>Clert</span> <span class='ocrx_word' id='word_1_142' title='bbox 602 3326 641 3390; x_wconf 78' lang='lat' dir='ltr'>de</span> <span class='ocrx_word' id='word_1_143' title='bbox 664 3327 798 3392; x_wconf 78' lang='lat' dir='ltr'>duobus</span> <span class='ocrx_word' id='word_1_144' title='bbox 824 3328 967 3412; x_wconf 65' lang='lat' dir='ltr'>carpatis</span> <span class='ocrx_word' id='word_1_145' title='bbox 992 3335 1095 3394; x_wconf 82' lang='lat' dir='ltr'>terrae.</span> 
     </span>
    </p>
   </div>
   <div class='ocr_carea' id='block_1_5' title="bbox 260 3467 1472 4589">
    <p class='ocr_par' dir='ltr' id='par_1_5' title="bbox 260 3467 1472 4589">
     <span class='ocr_line' id='line_1_23' title="bbox 309 3467 1472 3557; baseline 0.008 -25"><span class='ocrx_word' id='word_1_146' title='bbox 309 3467 424 3532; x_wconf 82' lang='lat' dir='ltr'>Sciant</span> <span class='ocrx_word' id='word_1_147' title='bbox 445 3472 623 3553; x_wconf 87' lang='lat' dir='ltr'>praesentes</span> <span class='ocrx_word' id='word_1_148' title='bbox 647 3472 682 3532; x_wconf 89' lang='lat' dir='ltr'>et</span> <span class='ocrx_word' id='word_1_149' title='bbox 703 3468 817 3545; x_wconf 87' lang='lat' dir='ltr'>futuri,</span> <span class='ocrx_word' id='word_1_150' title='bbox 842 3471 931 3554; x_wconf 93' lang='lat' dir='ltr'>quod</span> <span class='ocrx_word' id='word_1_151' title='bbox 955 3493 1014 3557; x_wconf 86' lang='lat' dir='ltr'>ego</span> <span class='ocrx_word' id='word_1_152' title='bbox 1037 3471 1206 3546; x_wconf 83' lang='lat' dir='ltr'>Ricardus,</span> <span class='ocrx_word' id='word_1_153' title='bbox 1223 3474 1311 3540; x_wconf 90' lang='lat' dir='ltr'>filius</span> <span class='ocrx_word' id='word_1_154' title='bbox 1324 3489 1472 3552; x_wconf 76' lang='lat' dir='ltr'>Quitelam</span> 
     </span>
     <span class='ocr_line' id='line_1_24' title="bbox 264 3557 1448 3674; baseline 0.013 -39"><span class='ocrx_word' id='word_1_155' title='bbox 264 3571 429 3656; x_wconf 90' lang='lat' dir='ltr'>quondam</span> <span class='ocrx_word' id='word_1_156' title='bbox 453 3569 586 3634; x_wconf 83' lang='lat' dir='ltr'>Thomae</span> <span class='ocrx_word' id='word_1_157' title='bbox 610 3570 640 3634; x_wconf 90' lang='lat' dir='ltr'>le</span> <span class='ocrx_word' id='word_1_158' title='bbox 664 3569 764 3636; x_wconf 73' lang='lat' dir='ltr'>oleri&lt;</span> <span class='ocrx_word' id='word_1_159' title='bbox 788 3572 828 3635; x_wconf 92' lang='lat' dir='ltr'>de</span> <span class='ocrx_word' id='word_1_160' title='bbox 861 3573 1005 3650; x_wconf 91' lang='lat' dir='ltr'>Kemele‚</span> <span class='ocrx_word' id='word_1_161' title='bbox 1028 3577 1137 3640; x_wconf 89' lang='lat' dir='ltr'>remisi</span> <span class='ocrx_word' id='word_1_162' title='bbox 1170 3585 1204 3642; x_wconf 91' lang='lat' dir='ltr'>et</span> <span class='ocrx_word' id='word_1_163' title='bbox 1238 3557 1407 3672; x_wconf 48' lang='lat' dir='ltr'>qui-‘23¹5</span> <span class='ocrx_word' id='word_1_164' title='bbox 1435 3624 1448 3674; x_wconf 82' lang='lat' dir='ltr'>f</span> 
     </span>
     <span class='ocr_line' id='line_1_25' title="bbox 264 3639 1456 3768; baseline 0.009 -31"><span class='ocrx_word' id='word_1_165' title='bbox 264 3679 355 3737; x_wconf 90' lang='lat' dir='ltr'>etum</span> <span class='ocrx_word' id='word_1_166' title='bbox 378 3672 529 3746; x_wconf 80' lang='lat' dir='ltr'>clamavi,</span> <span class='ocrx_word' id='word_1_167' title='bbox 551 3694 610 3758; x_wconf 94' lang='lat' dir='ltr'>pro</span> <span class='ocrx_word' id='word_1_168' title='bbox 634 3695 685 3737; x_wconf 86' lang='lat' dir='ltr'>me</span> <span class='ocrx_word' id='word_1_169' title='bbox 708 3678 742 3737; x_wconf 86' lang='lat' dir='ltr'>et</span> <span class='ocrx_word' id='word_1_170' title='bbox 757 3673 933 3740; x_wconf 88' lang='lat' dir='ltr'>heredibus</span> <span class='ocrx_word' id='word_1_171' title='bbox 955 3678 1036 3742; x_wconf 88' lang='lat' dir='ltr'>meis</span> <span class='ocrx_word' id='word_1_172' title='bbox 1060 3680 1311 3768; x_wconf 83' lang='lat' dir='ltr'>imperpetuum,</span> <span class='ocrx_word' id='word_1_173' title='bbox 1324 3639 1456 3741; x_wconf 61' lang='lat' dir='ltr'>iandirdar</span> 
     </span>
     <span class='ocr_line' id='line_1_26' title="bbox 263 3757 1442 3870; baseline 0.01 -30"><span class='ocrx_word' id='word_1_174' title='bbox 263 3775 396 3840; x_wconf 90' lang='lat' dir='ltr'>domino</span> <span class='ocrx_word' id='word_1_175' title='bbox 418 3773 584 3838; x_wconf 91' lang='lat' dir='ltr'>Willelmo</span> <span class='ocrx_word' id='word_1_176' title='bbox 616 3775 729 3840; x_wconf 87' lang='lat' dir='ltr'>abbati</span> <span class='ocrx_word' id='word_1_177' title='bbox 762 3775 802 3840; x_wconf 91' lang='lat' dir='ltr'>de</span> <span class='ocrx_word' id='word_1_178' title='bbox 834 3777 1076 3858; x_wconf 86' lang='lat' dir='ltr'>Malmesburia‚</span> <span class='ocrx_word' id='word_1_179' title='bbox 1099 3789 1133 3847; x_wconf 91' lang='lat' dir='ltr'>et</span> <span class='ocrx_word' id='word_1_180' title='bbox 1165 3786 1311 3870; x_wconf 88' lang='lat' dir='ltr'>ejusdem</span> <span class='ocrx_word' id='word_1_181' title='bbox 1324 3757 1442 3810; x_wconf 81' lang='lat' dir='ltr'>Kemhle.</span> 
     </span>
     <span class='ocr_line' id='line_1_27' title="bbox 263 3877 1311 3970; baseline 0.013 -30"><span class='ocrx_word' id='word_1_182' title='bbox 263 3877 323 3942; x_wconf 88' lang='lat' dir='ltr'>loci</span> <span class='ocrx_word' id='word_1_183' title='bbox 348 3878 534 3953; x_wconf 90' lang='lat' dir='ltr'>conventui,</span> <span class='ocrx_word' id='word_1_184' title='bbox 558 3881 666 3940; x_wconf 91' lang='lat' dir='ltr'>totum</span> <span class='ocrx_word' id='word_1_185' title='bbox 696 3878 753 3962; x_wconf 88' lang='lat' dir='ltr'>jus</span> <span class='ocrx_word' id='word_1_186' title='bbox 776 3883 810 3943; x_wconf 91' lang='lat' dir='ltr'>et</span> <span class='ocrx_word' id='word_1_187' title='bbox 832 3879 985 3946; x_wconf 88' lang='lat' dir='ltr'>clamium</span> <span class='ocrx_word' id='word_1_188' title='bbox 1009 3884 1098 3970; x_wconf 91' lang='lat' dir='ltr'>quod</span> <span class='ocrx_word' id='word_1_189' title='bbox 1119 3885 1229 3964; x_wconf 90' lang='lat' dir='ltr'>habui,</span> <span class='ocrx_word' id='word_1_190' title='bbox 1260 3889 1311 3954; x_wconf 90' lang='lat' dir='ltr'>vel</span> 
     </span>
     <span class='ocr_line' id='line_1_28' title="bbox 263 3977 1311 4074; baseline 0.012 -30"><span class='ocrx_word' id='word_1_191' title='bbox 263 3978 374 4064; x_wconf 89' lang='lat' dir='ltr'>aliquo</span> <span class='ocrx_word' id='word_1_192' title='bbox 397 3978 494 4044; x_wconf 89' lang='lat' dir='ltr'>modo</span> <span class='ocrx_word' id='word_1_193' title='bbox 526 3977 646 4044; x_wconf 87' lang='lat' dir='ltr'>habere</span> <span class='ocrx_word' id='word_1_194' title='bbox 680 3981 783 4065; x_wconf 89' lang='lat' dir='ltr'>potui,</span> <span class='ocrx_word' id='word_1_195' title='bbox 818 3982 854 4045; x_wconf 92' lang='lat' dir='ltr'>in</span> <span class='ocrx_word' id='word_1_196' title='bbox 876 3983 1005 4049; x_wconf 90' lang='lat' dir='ltr'>duabus</span> <span class='ocrx_word' id='word_1_197' title='bbox 1038 3987 1179 4074; x_wconf 85' lang='lat' dir='ltr'>virgatis</span> <span class='ocrx_word' id='word_1_198' title='bbox 1206 3995 1311 4072; x_wconf 85' lang='lat' dir='ltr'>terrae,</span> 
     </span>
     <span class='ocr_line' id='line_1_29' title="bbox 262 4080 1311 4167; baseline 0.013 -21"><span class='ocrx_word' id='word_1_199' title='bbox 262 4103 320 4146; x_wconf 89' lang='lat' dir='ltr'>seu</span> <span class='ocrx_word' id='word_1_200' title='bbox 342 4081 503 4158; x_wconf 87' lang='lat' dir='ltr'>domibus,</span> <span class='ocrx_word' id='word_1_201' title='bbox 527 4080 716 4167; x_wconf 83' lang='lat' dir='ltr'>curtillagio</span> <span class='ocrx_word' id='word_1_202' title='bbox 739 4089 773 4148; x_wconf 90' lang='lat' dir='ltr'>et</span> <span class='ocrx_word' id='word_1_203' title='bbox 796 4085 902 4150; x_wconf 81' lang='lat' dir='ltr'>orolta</span> <span class='ocrx_word' id='word_1_204' title='bbox 925 4087 1048 4152; x_wconf 87' lang='lat' dir='ltr'>eisdem</span> <span class='ocrx_word' id='word_1_205' title='bbox 1079 4091 1231 4158; x_wconf 89' lang='lat' dir='ltr'>domibus</span> <span class='ocrx_word' id='word_1_206' title='bbox 1253 4095 1311 4160; x_wconf 88' lang='lat' dir='ltr'>ad-</span> 
     </span>
     <span class='ocr_line' id='line_1_30' title="bbox 260 4183 1311 4274; baseline 0.012 -25"><span class='ocrx_word' id='word_1_207' title='bbox 260 4184 457 4269; x_wconf 84' lang='lat' dir='ltr'>jacentibus,</span> <span class='ocrx_word' id='word_1_208' title='bbox 480 4185 516 4247; x_wconf 92' lang='lat' dir='ltr'>in</span> <span class='ocrx_word' id='word_1_209' title='bbox 538 4183 621 4248; x_wconf 90' lang='lat' dir='ltr'>villa</span> <span class='ocrx_word' id='word_1_210' title='bbox 643 4183 683 4248; x_wconf 92' lang='lat' dir='ltr'>de</span> <span class='ocrx_word' id='word_1_211' title='bbox 707 4185 847 4262; x_wconf 86' lang='lat' dir='ltr'>Kemele‚</span> <span class='ocrx_word' id='word_1_212' title='bbox 870 4209 951 4272; x_wconf 86' lang='lat' dir='ltr'>quas</span> <span class='ocrx_word' id='word_1_213' title='bbox 983 4191 1116 4274; x_wconf 90' lang='lat' dir='ltr'>quidem</span> <span class='ocrx_word' id='word_1_214' title='bbox 1140 4194 1221 4260; x_wconf 84' lang='lat' dir='ltr'>duas</span> <span class='ocrx_word' id='word_1_215' title='bbox 1244 4198 1311 4260; x_wconf 84' lang='lat' dir='ltr'>vir·</span> 
     </span>
     <span class='ocr_line' id='line_1_31' title="bbox 261 4286 1311 4376; baseline 0.012 -26"><span class='ocrx_word' id='word_1_216' title='bbox 261 4293 356 4374; x_wconf 83' lang='lat' dir='ltr'>gatus</span> <span class='ocrx_word' id='word_1_217' title='bbox 378 4292 483 4362; x_wconf 88' lang='lat' dir='ltr'>terrae,</span> <span class='ocrx_word' id='word_1_218' title='bbox 504 4307 579 4351; x_wconf 92' lang='lat' dir='ltr'>cum</span> <span class='ocrx_word' id='word_1_219' title='bbox 603 4286 761 4364; x_wconf 90' lang='lat' dir='ltr'>domibus,</span> <span class='ocrx_word' id='word_1_220' title='bbox 783 4289 969 4376; x_wconf 80' lang='lat' dir='ltr'>cartillagio</span> <span class='ocrx_word' id='word_1_221' title='bbox 991 4298 1026 4356; x_wconf 89' lang='lat' dir='ltr'>et</span> <span class='ocrx_word' id='word_1_222' title='bbox 1047 4295 1159 4374; x_wconf 82' lang='lat' dir='ltr'>crofta,</span> <span class='ocrx_word' id='word_1_223' title='bbox 1183 4303 1217 4362; x_wconf 89' lang='lat' dir='ltr'>et</span> <span class='ocrx_word' id='word_1_224' title='bbox 1237 4299 1311 4363; x_wconf 86' lang='lat' dir='ltr'>aliis</span> 
     </span>
     <span class='ocr_line' id='line_1_32' title="bbox 263 4389 1311 4477; baseline 0.011 -23"><span class='ocrx_word' id='word_1_225' title='bbox 263 4389 473 4476; x_wconf 87' lang='lat' dir='ltr'>pertinentiis</span> <span class='ocrx_word' id='word_1_226' title='bbox 489 4390 564 4466; x_wconf 83' lang='lat' dir='ltr'>suia,</span> <span class='ocrx_word' id='word_1_227' title='bbox 585 4390 677 4454; x_wconf 91' lang='lat' dir='ltr'>tenui</span> <span class='ocrx_word' id='word_1_228' title='bbox 704 4391 744 4455; x_wconf 91' lang='lat' dir='ltr'>de</span> <span class='ocrx_word' id='word_1_229' title='bbox 768 4393 934 4477; x_wconf 86' lang='lat' dir='ltr'>praedictis</span> <span class='ocrx_word' id='word_1_230' title='bbox 949 4395 1068 4462; x_wconf 87' lang='lat' dir='ltr'>abbate</span> <span class='ocrx_word' id='word_1_231' title='bbox 1092 4403 1126 4463; x_wconf 91' lang='lat' dir='ltr'>et</span> <span class='ocrx_word' id='word_1_232' title='bbox 1145 4408 1311 4466; x_wconf 89' lang='lat' dir='ltr'>conventu</span> 
     </span>
     <span class='ocr_line' id='line_1_33' title="bbox 262 4491 1309 4589; baseline 0.013 -33"><span class='ocrx_word' id='word_1_233' title='bbox 262 4494 300 4556; x_wconf 90' lang='lat' dir='ltr'>in</span> <span class='ocrx_word' id='word_1_234' title='bbox 322 4493 481 4578; x_wconf 86' lang='lat' dir='ltr'>praediota</span> <span class='ocrx_word' id='word_1_235' title='bbox 503 4491 585 4556; x_wconf 82' lang='lat' dir='ltr'>villa</span> <span class='ocrx_word' id='word_1_236' title='bbox 607 4492 647 4557; x_wconf 93' lang='lat' dir='ltr'>de</span> <span class='ocrx_word' id='word_1_237' title='bbox 672 4491 815 4559; x_wconf 82' lang='lat' dir='ltr'>Kemele‚</span> <span class='ocrx_word' id='word_1_238' title='bbox 862 4496 917 4560; x_wconf 89' lang='lat' dir='ltr'>Ita</span> <span class='ocrx_word' id='word_1_239' title='bbox 939 4499 1028 4583; x_wconf 91' lang='lat' dir='ltr'>quod</span> <span class='ocrx_word' id='word_1_240' title='bbox 1050 4521 1110 4566; x_wconf 86' lang='lat' dir='ltr'>nec</span> <span class='ocrx_word' id='word_1_241' title='bbox 1140 4523 1201 4589; x_wconf 89' lang='lat' dir='ltr'>ego</span> <span class='ocrx_word' id='word_1_242' title='bbox 1235 4504 1309 4570; x_wconf 86' lang='lat' dir='ltr'>necl</span> 
     </span>
    </p>
   </div>
   <div class='ocr_carea' id='block_1_6' title="bbox 262 4593 1310 4692">
    <p class='ocr_par' dir='ltr' id='par_1_6' title="bbox 262 4593 1310 4692">
     <span class='ocr_line' id='line_1_34' title="bbox 262 4593 1310 4692; baseline 0.013 -34"><span class='ocrx_word' id='word_1_243' title='bbox 262 4594 382 4679; x_wconf 83' lang='lat' dir='ltr'>aliquis</span> <span class='ocrx_word' id='word_1_244' title='bbox 405 4593 563 4658; x_wconf 90' lang='lat' dir='ltr'>heredum</span> <span class='ocrx_word' id='word_1_245' title='bbox 577 4593 640 4692; x_wconf 63' lang='lat' dir='ltr'>⁸vol</span> <span class='ocrx_word' id='word_1_246' title='bbox 662 4596 903 4681; x_wconf 82' lang='lat' dir='ltr'>assignatorum</span> <span class='ocrx_word' id='word_1_247' title='bbox 926 4620 1074 4666; x_wconf 89' lang='lat' dir='ltr'>meorum</span> <span class='ocrx_word' id='word_1_248' title='bbox 1099 4603 1235 4690; x_wconf 87' lang='lat' dir='ltr'>aliquod</span> <span class='ocrx_word' id='word_1_249' title='bbox 1253 4607 1310 4692; x_wconf 91' lang='lat' dir='ltr'>jus</span> 
     </span>
    </p>
   </div>
   <div class='ocr_carea' id='block_1_7' title="bbox 267 4745 581 4757">
    <p class='ocr_par' dir='ltr' id='par_1_7' title="bbox 267 4745 581 4757">
     <span class='ocr_line' id='line_1_35' title="bbox 267 4745 581 4757; baseline 0.003 -2"><span class='ocrx_word' id='word_1_250' title='bbox 267 4747 311 4756; x_wconf 71' lang='lat' dir='ltr'>uu·-</span> <span class='ocrx_word' id='word_1_251' title='bbox 322 4745 581 4757; x_wconf 59' lang='grc' dir='ltr'>οι--ι--ιι--ηι-</span> 
     </span>
    </p>
   </div>
   <div class='ocr_carea' id='block_1_8' title="bbox 653 4821 913 4894">
    <p class='ocr_par' dir='ltr' id='par_1_8' title="bbox 653 4821 913 4894">
     <span class='ocr_line' id='line_1_36' title="bbox 653 4821 913 4894; baseline 0.023 -22"><span class='ocrx_word' id='word_1_252' title='bbox 653 4821 661 4857; x_wconf 88' lang='lat'>¹</span> <span class='ocrx_word' id='word_1_253' title='bbox 678 4824 736 4894; x_wconf 80' lang='lat' dir='ltr'>nec]</span> <span class='ocrx_word' id='word_1_254' title='bbox 751 4839 806 4886; x_wconf 88' lang='lat' dir='ltr'>nec,</span> <span class='ocrx_word' id='word_1_255' title='bbox 817 4823 845 4875; x_wconf 89' lang='lat' dir='ltr'>iu</span> <span class='ocrx_word' id='word_1_256' title='bbox 856 4826 913 4878; x_wconf 84' lang='lat' dir='ltr'>MS.</span> 
     </span>
    </p>
   </div>
   <div class='ocr_carea' id='block_1_9' title="bbox 0 0 1772 5810">
    <p class='ocr_par' dir='ltr' id='par_1_9' title="bbox 0 0 1772 5810">
     <span class='ocr_line' id='line_1_37' title="bbox 0 0 1772 5810; baseline 0 0"><span class='ocrx_word' id='word_1_257' title='bbox 0 0 1772 5810; x_wconf 95' lang='lat' dir='ltr'> </span> 
     </span>
    </p>
   </div>
  </div>
 </body>
</html>
