3578 5808
430 877 471 946 56
681 897 879 950 1111111111
902 899 1224 954 11111111111111.

428 1081 607 1148 oratorium
629 1083 833 1164 obvenerint,
856 1108 930 1172 quae
954 1087 994 1153 de
1020 1087 1096 1174 jure
1119 1088 1299 1175 parochiali
1322 1090 1366 1156 ad
1395 1111 1478 1176 prae-

427 1184 550 1252 dictam
572 1186 740 1253 ecclesiam
770 1188 948 1274 pertinent,
972 1212 1048 1256 cum
1079 1195 1152 1258 1111
1185 1191 1377 1279 integritate
1411 1215 1478 1271 sua,

427 1293 527 1357 omni'
549 1299 696 1360 cessante
725 1295 851 1374 fraude,
890 1297 1057 1363 occasione
1095 1304 1129 1363 et
1167 1298 1250 1378 dolo,
1289 1305 1478 1366 memoratae

427 1395 570 1463 ecclesiae
600 1396 641 1462 de
671 1397 818 1466 Piritone
844 1399 987 1467 fideliter
1020 1401 1182 1468 restituet.
1229 1401 1269 1468 In
1304 1403 1397 1490 cujus
1431 1403 1479 1468 rei

426 1498 661 1580 testimonium,
684 1506 743 1570 etc

667 1756 835 1846 Obb’yatc'o
861 1757 1010 1846 scama
1033 1781 1108 1848 quae
1125 1759 1240 1848 prices.

335 1931 348 1965 θ
472 1909 635 1977 Omnibus
659 1909 785 1978 Ohristi
814 1911 977 1992 fidelibus,
1000 1917 1068 1992 etc,
1092 1912 1234 1980 lhomas
1257 1913 1299 1980 de
1321 1913 1476 1992 Piritone,

328 2018 334 2031 ’
427 2014 530 2094 miles,
553 2015 694 2082 salutem
717 2015 753 2080 in
775 2014 926 2082 Domino.
973 2015 1116 2083 Noverit
1145 2017 1345 2084 universitas
1368 2021 1479 2082 vestra

427 2139 479 2184 me
503 2121 537 2184 et
559 2117 695 2184 heredes
726 2139 815 2186 meos
849 2141 908 2206 per
939 2124 1134 2205 praesentem
1168 2125 1293 2187 cartam
1315 2118 1477 2205 obligatos

427 2242 503 2299 esse,
541 2225 746 2288 sacramento
783 2220 885 2287 otiam
922 2220 1174 2302 interveniente,
1201 2223 1290 2308 quod
1312 2221 1477 2288 occasione

426 2322 576 2389 beneficii
607 2324 703 2390 nobis
725 2345 747 2390 1
780 2323 962 2390 venerabili
995 2329 1090 2411 patre
1115 2325 1146 2389 J.
1171 2324 1235 2390 Dei
1257 2324 1366 2412 gratia
1397 2330 1478 2389 tunc

425 2426 545 2492 abbate
569 2426 811 2494 Malmesburiae
833 2433 868 2493 et
890 2427 1037 2514 ejusdem
1063 2428 1126 2495 loci
1157 2433 1322 2496 conventu
1345 2427 1477 2505 indulti,

425 2527 581 2594 videlicet
603 2529 643 2594 ds
665 2530 806 2598 oratorio
824 2529 913 2596 intra
935 2533 1030 2616 septa
1046 2530 1145 2597 curiae
1164 2553 1245 2596 mese
1268 2529 1309 2595 de
1331 2529 1477 2594 Piritone

425 2629 652 2710 construendo,
675 2631 805 2696 nullum
836 2631 963 2696 matrici
989 2631 1133 2698 ecclesise
1163 2633 1203 2698 de
1230 2631 1377 2706 Piritone
1399 2631 1477 2696 ullis

425 2751 583 2818 umquam
613 2732 816 2818 temporibus
847 2733 883 2796 in
905 2731 1017 2818 aliquo
1048 2733 1277 2820 praejudicium
1307 2733 1477 2820 generabi-

425 2838 489 2900 tur.
537 2833 602 2900 Sed
629 2837 657 2900 si
680 2835 792 2922 aliqua
814 2857 888 2921 quae
904 2835 986 2922 ·jure
1009 2836 1188 2922 parochiali
1218 2835 1262 2904 ad
1284 2837 1476 2923 praedictam

425 2937 594 3003 ecclesiam
617 2938 786 3024 portinent
815 2939 859 3004 ad
890 2938 1085 3024 praedictum
1109 2941 1288 3006 oratorium
1319 2961 1476 3026 pervene-

425 3039 502 3133 rint,
525 3062 584 3127 par
607 3062 742 3108 manum
769 3041 931 3128 capellani
960 3041 1084 3108 ibidem
1107 3064 1166 3129 pro
1189 3048 1335 3128 tempore
1362 3042 1474 3107 minis-

424 3143 554 3222 traturi,
578 3149 612 3209 et
633 3127 794 3210 fidelitate
816 3147 895 3210 ante
918 3144 1030 3210 omnia
1052 3149 1241 3211 memoratae
1268 3144 1411 3213 ecclesiae
1434 3144 1475 3210 de

424 3244 578 3313 Peritone
604 3246 819 3334 astringendi,
841 3247 965 3333 absque
988 3248 1079 3314 omni
1109 3247 1338 3327 diminutione,
1360 3247 1475 3314 fraude

424 3353 459 3412 et
496 3345 680 3416 calliditate
712 3349 924 3427 cessantibus,
959 3350 1126 3435 praedictae
1161 3349 1303 3416 ecolesiae
1334 3349 1475 3415 fideliter

423 3451 660 3538 persolventur.
707 3451 749 3518 In
778 3451 872 3539 cujus
902 3451 950 3518 rei
982 3451 1209 3519 testimonium
1231 3457 1267 3519 et
1297 3450 1475 3528 munimen,

423 3557 483 3622 etc

837 3769 917 3838 (111.
941 3768 1063 3837 00111.

454 3937 560 4006 Carta
575 3935 673 4024 factu
694 3929 858 4004 Niclwlco
872 3935 954 4022 filio
977 3932 1139 4014 Ac'lwc‘ne',
1163 3933 1203 4004 de
1226 3935 1324 4004 donno
1346 3944 1452 4016 ardre¹

743 4039 883 4106 borram
905 4037 945 4106 dc
972 4037 1154 4125 Westeport.

469 4192 632 4258 Omnibus
656 4191 781 4259 Christi
808 4191 969 4269 fidelibus,
1000 4196 1069 4269 etc,
1092 4191 1122 4257 J.
1147 4190 1211 4256 Dei
1233 4191 1342 4278 gratia
1373 4191 1473 4257 abbas

424 4295 675 4374 Malmssburiae,
698 4301 732 4360 ot
754 4294 900 4380 ejusdem
923 4293 985 4360 loci
1004 4299 1194 4373 conventus,
1217 4293 1366 4360 salutem.
1404 4294 1474 4360 No-

422 4399 510 4465 verit
532 4398 730 4464 universitas
753 4403 864 4462 vestra
889 4418 949 4463 nos
981 4397 1184 4464 unanimiter
1214 4397 1418 4476 concessisse,
1439 4403 1474 4462 11

421 4504 577 4589 praesenti
600 4508 691 4569 carto
722 4503 929 4568 confirmasse
960 4503 1123 4568 Nicholao
1154 4503 1223 4568 filio
1246 4503 1408 4588 Aylvvyni
1440 4507 1475 4567 et

422 4606 597 4670 heredibus
620 4606 688 4670 suis
710 4627 814 4669 unum
833 4605 1053 4691 messuagium
1073 4627 1146 4670 cum
1169 4606 1381 4691 pertinentiis
1405 4605 1473 4669 suis

422 4711 517 4774 extra
548 4708 678 4773 barram
710 4707 751 4772 de
789 4705 993 4792 Westeport:
1024 4707 1108 4772 illud
1142 4708 1267 4775 scilicet
1296 4706 1386 4793 quod
1408 4706 1473 4771 Ro·

421 4813 534 4879 bertus
557 4809 721 4898 Peytevin
751 4809 869 4888 tenuit,
895 4814 929 4875 11
959 4811 995 4875 11
1027 4811 1160 4879 decessu
1194 4833 1254 4878 suo
1288 4808 1473 4879 sacristario
