3566 5820
570 957 770 1012 ereremum
794 955 1119 1010 umusssumsusu.
1309 941 1372 1008 149

364 1141 407 1206 Et
429 1143 466 1206 in
487 1144 713 1210 testimouium
739 1145 839 1230 hujus
862 1144 1063 1210 remissionis
1093 1148 1128 1208 61
1150 1142 1272 1227 quietes
1307 1141 1374 1206 616-

318 1245 450 1309 rnantiae
473 1251 596 1312 nostrsa
619 1247 681 1314 hoo
703 1248 863 1334 seriptum
898 1247 1046 1333 ejusdem
1059 1313 1065 1325 ,
1079 1243 1194 1310 abbati
1228 1248 1262 1308 et
1296 1264 1372 1310 oon-

319 1349 435 1413 ventui
457 1348 602 1428 issimus,
626 1355 661 1416 61
683 1349 801 1438 sigfflis
823 1350 945 1416 nostris
968 1349 1182 1436 signavimus.

689 1602 770 1670 GAP.
794 1601 1005 1672 CCLXXXI.

327 1753 437 1822 -C'urtu
460 1753 611 1823 16616116
633 1753 674 1822 de
696 1754 732 1822 16
756 1754 869 1822 Oualla
892 1754 932 1924 Zp
955 1754 1105 1841 quodum
1126 1751 1299 1840 mesuagio
1322 1750 1365 1820 16
1384 1844 1388 1853 Ι

754 1859 892 1925 Barnea
930 1910 937 1923 .

363 2007 478 2074 Sciant
511 2014 689 2096 presentes
724 2016 758 2074 et
793 2009 906 2087 futuri,
940 2008 1027 2094 quod
1062 2029 1121 2096 ego
1154 2006 1310 2074 Ysabella
1332 2008 1373 2072 de
1386 2016 1507 2068 Grantor
1567 1975 1572 1986 ¹

321 2107 435 2174 Onolle
458 2111 543 2188 dedi,
566 2111 717 2188 66666661,
741 2109 860 2176 61166
889 2109 1045 2196 praesenti
1069 2115 1159 2176 sarta
1191 2131 1264 2175 mea
1297 2085 1541 2203 eon-{3⁸1²}z'fissade

320 2213 458 2291 firmavi,
480 2213 552 2279 Deo
576 2219 610 2280 et
632 2214 774 2280 666166166
796 2213 887 2279 166611
918 2213 1086 2278 Aldhelmi
1104 2211 1150 2278 ,(16
1174 2212 1373 2278 Malmesbu-

320 2313 377 2390 ria,
401 2320 435 2378 et
470 2315 602 2380 domino
626 2314 792 2382 Willelmo
823 2313 964 2393 611611,’
982 2321 1016 2380 61
1047 2312 1216 2380 monachis
1248 2315 1372 2380 ibidem

320 2413 390 2479 Deo
413 2416 642 2494 servientibus,
666 2438 769 2481 unum
802 2417 1007 2504 mesuagium
1030 2437 1105 2482 oum
1129 2415 1316 2502 curtillegio
1339 2423 1373 2482 et

323 2515 396 2581 aliis
418 2519 630 2604 pertinentiis
654 2519 721 2584 suis
745 2520 846 2584 situm
869 2519 905 2583 in
928 2518 1085 2584 suburbio
1107 2517 1198 2584 villae
1222 2519 1375 2586 Mslmes·

320 2620 431 2698 buriae,
454 2622 490 2685 in
513 2623 655 2708 quodam
678 2621 752 2688 vieo
775 2623 833 2708 qui
864 2621 1038 2688 Burueoul
1071 2622 1264 2710 appellatur,
1287 2623 1375 2688 inter

319 2724 522 2810 mesuagium
554 2725 720 2812 quondam
755 2723 923 2810 Radulphi
958 2725 1151 2804 Maresoalli,
1182 2731 1216 2791 et
1249 2747 1376 2792 mesua-

318 2827 411 2912 gium
434 2827 626 2892 monialium
650 2827 690 2892 de
715 2825 882 2914 Kyntone,
905 2829 993 2914 quod
1016 2829 1149 2916 quidem
1172 2830 1377 2916 mesuagium

319 2927 515 3017 Radulphus
551 2930 761 2996 Mareseallus
798 2936 833 2996 et
865 2930 974 2996 Aiioia
1005 2952 1090 2996 uxor
1120 2953 1181 2997 sua
1212 2930 1295 2996 mihi
1318 2953 1378 3019 pro
1429 2936 1433 2944 '

320 3031 455 3097 servitio
488 3041 561 3099 meo
596 3033 766 3113 dederunt,
799 3037 834 3097 et
865 3037 956 3098 sarta
987 3053 1047 3098 sua
1081 3033 1378 3120 confirmaverim:

319 3133 507 3200 habendum
530 3140 565 3201 et
587 3137 767 3202 tenendum
790 3134 916 3202 dietum
939 3136 1142 3223 mesuagium
1169 3158 1244 3203 eum
1267 3137 1380 3204 ourtil.

320 3235 407 3323 legio
431 3243 465 3304 et
498 3237 575 3303 aliis
597 3238 808 3323 pertinentiis
831 3239 908 3316 suis,
932 3237 1030 3304 dietis
1052 3239 1165 3305 abbati
1182 3245 1218 3304 61
1238 3260 1380 3308 eonven-

322 3340 373 3403 tui
398 3331 566 3405 eteorum
589 3339 829 3407 suecessoribus
861 3341 971 3420 libere,
1007 3342 1125 3428 quiete,
1160 3342 1243 3408 bene
1277 3348 1312 3408 et
1343 3343 1380 3407 in

322 3463 410 3528 pase,
433 3443 685 3530 imperpetuum.
734 3444 804 3530 Ego
826 3466 904 3508 vero
928 3443 1084 3510 Ysabella
1107 3450 1142 3510 et
1163 3433 1299 3510 heredes
1314 3446 1379 3512 mei

323 3545 449 3611 dietum
498 3547 705 3633 mesuagium
743 3565 817 3613 oum
856 3547 1008 3611 omnibus
1046 3547 1256 3633 pertinentiis
1300 3549 1378 3626 suis,

327 3648 414 3713 sieut
444 3649 641 3734 praedictum
677 3652 736 3725 est,
776 3646 874 3712 dietis
911 3647 1026 3718 abbati
1058 3653 1092 3712 et
1130 3651 1307 3714 conventui
1346 3655 1381 3715 61

322 3771 435 3814 eorum
467 3750 713 3828 suecessoribus,
737 3755 851 3816 eontra
885 3770 997 3816 omnes
1032 3752 1186 3818 mortales
1218 3753 1379 3840 imperpe-

323 3856 419 3917 tuum
442 3854 739 3920 warantizabimus.

368 3955 412 4020 Et
433 3962 473 4021 ut
506 3957 577 4023 hoeo
611 3957 745 4022 donatio
780 3961 814 4022 et
847 3954 1009 4022 consessio
1043 3977 1117 4020 mea
1148 3957 1380 4042 perpetuitatis

323 4059 471 4145 vigorem
506 4059 541 4122 in
576 4081 610 4124 66
642 4059 817 4146 optineant
848 4058 1101 4144 imperpetuum,
1138 4057 1225 4124 hane
1256 4065 1380 4126 cartam

322 4159 444 4224 eisdem
475 4161 588 4227 abbati
623 4165 658 4226 61
691 4161 869 4226 conventui
902 4160 975 4239 feei,
998 4165 1033 4226 et
1064 4181 1135 4228 eam
1167 4160 1276 4247 sigillo
1308 4184 1381 4228 meo

323 4263 460 4350 signavi.

681 4451 760 4518 Onu.
785 4449 1014 4518 CCLXXXH.

361 4603 466 4671 06116
488 4605 528 4671 de
551 4601 662 4672 6661661
684 4605 855 4690 messuagio
873 4605 969 4692 foetu
992 4604 1142 4672 Isobottca
1160 4606 1340 4691 proedicto.

369 4759 484 4825 Sciant
506 4771 684 4846 praesentes
707 4764 741 4824 et
763 4757 869 4824 futuri
893 4759 981 4844 quod
1005 4781 1064 4846 ego
1088 4758 1283 4845 Radulphus
1307 4759 1376 4824 Ma·
1392 4763 1480 4825 orme

312 4861 470 4928 metitur
493 4862 579 4940 dedi,
602 4864 754 4940 66666661,
788 4867 825 4927 61
857 4860 920 4928 166
952 4862 1108 4947 praesenti
1142 4855 1467 4928 6661666611-81111οὶ
