3526 5810
535 877 734 928 sscrsrsun
759 875 1081 926 nmnassusmssn
1268 863 1331 924 311

281 1082 370 1137 meae,
393 1060 456 1127 hoc
477 1061 637 1148 scriptum
662 1063 785 1130 eisdem
807 1063 922 1129 abbati
946 1068 980 1128 et
1002 1061 1181 1129 conventui
1204 1060 1275 1137 feci,
1299 1063 1333 1124 et

282 1161 365 1227 illud
389 1163 497 1250 sigillo
513 1187 585 1230 meo
608 1167 745 1253 signavi.
793 1165 837 1230 Et
859 1165 903 1231 ad
924 1164 1082 1250 majorem
1105 1162 1206 1249 hujus
1221 1162 1333 1227 remis-

283 1265 383 1329 sionis
407 1267 626 1346 securitatem,
648 1267 761 1334 omnia
794 1269 1001 1334 munimenta
1031 1288 1105 1352 quae
1138 1265 1178 1330 de
1210 1264 1333 1330 eisdem

283 1367 378 1432 terris
401 1373 435 1432 et
459 1371 656 1434 tenementis
680 1370 791 1446 habui,
815 1369 937 1436 eisdem
960 1369 1074 1436 abbati
1097 1372 1132 1433 et
1154 1369 1333 1434 conventui

281 1468 421 1534 restitui.
467 1469 543 1535 Hiis
567 1471 715 1537 testibus.

647 1745 727 1814 cm.
752 1745 975 1814 CCCCXXX.

294 1897 415 1979 Quieto
437 1899 629 1966 cletnruntiu
658 1901 846 1988 Wymundi
869 1903 909 1967 cle
933 1901 1117 1988 Ooubripqe
1140 1908 1170 1968 et
1191 1902 1323 1968 Aoico'cc

686 2005 829 2072 umoris¹
853 2028 930 2072 stom.

330 2155 444 2222 Sciant
466 2165 645 2242 praesentes
668 2163 703 2222 et
725 2158 778 2222 sut
764 2159 831 2223 turi
855 2158 943 2242 quod
974 2179 1034 2223 nos
1057 2157 1268 2243 Wymundus
1293 2158 1333 2222 de
1347 2157 1484 2220 Quiteraim

285 2256 431 2324 Ooubrio
408 2281 478 2346 g‚ge
503 2265 537 2324 et
570 2261 688 2325 Aricia
711 2259 855 2325 Nobelot
885 2283 970 2324 uxor
1002 2282 1083 2336 mes,
1107 2261 1323 2325 concessimus
1327 2225 1430 2344 ‚31:22⁰

284 2362 468 2426 remisimus
491 2368 526 2426 et
548 2363 698 2448 quietum
721 2361 944 2438 clamavimus,
962 2385 1020 2447 pro
1039 2363 1133 2426 nobis
1156 2367 1190 2426 et
1205 2362 1333 2426 heredi-

284 2463 345 2528 bus
368 2471 403 2530 et
425 2466 571 2550 assignet
573 2466 600 2528 is
623 2469 698 2529 nost
700 2465 744 2528 ris
767 2467 1019 2550 imperpetuum,
1043 2463 1114 2529 Deo
1137 2470 1171 2528 et
1193 2465 1335 2530 ecciesiae

284 2565 373 2630 beati
407 2566 550 2630 Aldclmi
583 2566 623 2630 de
659 2566 902 2642 blalmesburia,
935 2571 969 2630 et
1003 2566 1136 2630 domino
1170 2564 1337 2630 WiHelmo

284 2667 406 2744 abbati,
431 2674 465 2733 et
488 2667 656 2732 monachis
673 2667 795 2731 ibidem
819 2667 890 2731 Deo
905 2666 1135 2742 servientibus,
1151 2671 1260 2731 totum
1279 2667 1336 2752 jus

285 2773 320 2832 ct
342 2768 506 2844 clamium,
530 2773 564 2833 et
591 2772 698 2832 totum
723 2767 905 2832 dominium
940 2767 1029 2852 quod
1062 2767 1247 2844 habuimus
1282 2769 1336 2833 vel

285 2870 396 2955 aliquo
421 2870 516 2934 modo
540 2869 659 2934 habere
682 2869 850 2955 potuimus
883 2870 917 2932 in
941 2870 1037 2934 terris
1071 2874 1106 2934 et
1140 2865 1337 2935 te'nementis

285 2972 352 3036 illis
375 2995 449 3057 quae
472 2971 648 3036 habuimus
682 2977 717 3035 et
740 2972 907 3036 tenuimus
930 2973 966 3035 in
999 2970 1081 3036 villa
1112 2972 1153 3036 de
1176 2971 1337 3058 Anekyn-

286 3083 372 3152 tone,
405 3081 439 3140 et
484 3097 557 3160 quae
595 3075 775 3161 aliquando
812 3075 948 3139 fuerunt
971 3075 1011 3139 de
1045 3075 1142 3140 feodo
1177 3073 1337 3140 Willelmi

287 3176 439 3254 Nobelot,
465 3178 514 3242 ita
537 3177 625 3262 quod
657 3197 718 3241 nec
749 3197 808 3240 nos
840 3197 901 3241 nec
938 3176 1058 3262 aliquis
1091 3175 1250 3241 heredum
1283 3176 1338 3242 vel

286 3278 526 3365 assignatorum
560 3283 755 3356 nostrorum,
779 3277 912 3363 aliquod
931 3279 987 3364 jus
1020 3278 1073 3344 vel
1105 3278 1261 3344 clamium
1285 3277 1339 3344 vel

286 3379 419 3464 aliquod
443 3379 627 3444 dominium
651 3381 685 3442 in
713 3379 879 3465 praedictis
914 3381 1010 3444 terris
1044 3379 1098 3445 vel
1132 3381 1341 3455 tenementis,

287 3503 345 3546 seu
368 3483 403 3546 in
426 3481 593 3568 aliquibus
609 3481 819 3568 pertinentiis
843 3483 919 3560 suiS,
943 3481 1054 3568 aliquo
1073 3488 1219 3568 tempore
1242 3483 1338 3548 nobis

288 3585 417 3671 exigere
461 3583 514 3649 vel
547 3585 721 3650 vendicare
760 3581 946 3670 possimus²
987 3585 1249 3671 imperpetuum3
1281 3585 1339 3649 sed

288 3689 437 3776 praedicti
475 3689 577 3754 abbas
616 3693 650 3754 et
687 3694 877 3765 conventus
916 3693 950 3752 et
988 3710 1098 3754 eorum
1131 3713 1338 3768 successores,

287 3791 488 3858 habeantet
474 3797 648 3857 ttenennt
670 3792 844 3878 predictas
867 3796 972 3857 terras
995 3799 1029 3857 et
1052 3799 1241 3860 tenemento
1264 3816 1338 3860 curn

288 3895 439 3961 omnibus
462 3917 520 3981 per
523 3896 631 3960 tinent
632 3895 673 3959 iis
696 3895 763 3960 suis
787 3894 897 3972 libere,
914 3897 1033 3980 quiete,
1048 3897 1131 3962 bene
1156 3899 1213 3962 et
1204 3920 1240 3963 m
1260 3921 1339 3985 pace

289 3997 588 4084 imperpetuum,
563 4019 633 4063 sine
656 3997 769 4082 aliqua
800 3998 1058 4063 contradictione
1092 4021 1150 4064 seu
1185 4001 1339 4066 reclama·

291 4101 380 4164 tione
403 4101 507 4165 nostri
525 4101 576 4164 rel
599 4101 757 4166 heredum
780 4105 976 4178 nostrorum,
999 4123 1057 4166 seu
1090 4104 1340 4189 assignatorum,

290 4203 541 4288 imperpetuum.
589 4203 632 4267 Et
664 4203 700 4266 in
723 4203 949 4268 testimonium
985 4202 1085 4288 hujus
1116 4206 1340 4284 concessionis,

291 4305 499 4382 remissionis,
522 4311 557 4371 et
579 4306 700 4390 quietes
723 4305 910 4372 clamantiae
933 4312 1064 4384 nostrae,
1087 4307 1150 4372 hoc
1182 4309 1341 4394 scriptum

291 4409 413 4472 eisdem
447 4409 561 4473 abbati
592 4415 626 4473 et
657 4409 835 4474 conventui
874 4409 1017 4486 fecimus,
1046 4417 1080 4475 et
1110 4409 1194 4474 illud
1225 4411 1342 4497 sigillis

289 4510 411 4575 nostris
434 4511 646 4597 signavimus,
692 4511 768 4576 Hiis
791 4512 940 4577 testibus.

429 4651 434 4654 -
468 4649 567 4656 -ae-..n-
587 4651 591 4654 -
612 4649 647 4655 --
676 4647 837 4656 -..ιιι-ι..-
861 4645 1341 4659 *ι--ῃ-ψω--ο--ἁ

326 4709 447 4777 ιιιιιονιί]
462 4711 545 4772 uxori,
556 4711 583 4762 ia
595 4711 651 4765 MS.
798 4711 803 4780 Ι
851 4711 1007 4778 ’possiam
1019 4711 1170 4778 possuimus,
1182 4711 1207 4761 in
1220 4713 1277 4764 MS.
