3526 5810
550 911 750 962 nnersrsnu
772 909 1094 961 unnunsnnnrnnsn.
1286 893 1352 959 263

652 1135 734 1205 GAP.
758 1133 997 1204 CCCLXXXI.

352 1287 456 1354 Certo
478 1284 617 1354 deretini
639 1283 770 1352 abbatie
792 1290 823 1352 et
845 1289 1024 1352 concentus
1049 1282 1302 1352 Mammenses

454 1390 529 1478 fact
529 1412 553 1456 u
516 1389 733 1457 tJotaent
755 1387 924 1475 Hurctinp
946 1387 986 1454 da
1007 1387 1187 1474 Alyatoae.

340 1540 513 1606 Universis
537 1537 662 1606 Christi
686 1539 838 1605 fidelibus
863 1559 1008 1626 praesens
1030 1539 1229 1626 scriptum'
1220 1559 1401 1658 inspec·lan
1361 1540 1481 1594 Grrntor

294 1643 387 1721 turis,
418 1642 604 1708 Willelmus
638 1642 702 1707 Dei
739 1641 848 1729 gratia
884 1641 986 1708 abbas
1024 1607 1490 1728 Mstlmeflbufiae›0i1roeme10

294 1749 441 1836 ejusdem
472 1748 534 1815 loci
557 1752 748 1826 conventus,
771 1747 913 1814 salutem
944 1746 1143 1813 aeternam
1133 1769 1170 1811 1n
1195 1745 1347 1813 Domino
1359 1743 1469 1862 {unffi
1461 1749 1507 1806 rt
1547 1795 1550 1800 -

293 1851 437 1918 Noverit
458 1850 658 1916 universitas
680 1855 792 1916 vestra
814 1871 874 1916 nos
896 1849 1098 1928 concessisse,
1114 1869 1173 1936 pro
1195 1850 1291 1915 nobis
1314 1856 1349 1916 et

295 1952 533 2020 successoribus
571 1951 701 2030 nostris,
729 1951 877 2018 «Iohanni
915 1952 1069 2039 Harding
1104 1952 1145 2017 de
1179 1951 1389 2030 Alintene‚

295 2055 384 2142 quod
414 2055 484 2142 ipse
507 2059 542 2120 et
564 2054 699 2120 heredes
730 2053 783 2118 sui
811 2053 959 2120 habeant
988 2060 1022 2120 et
1045 2059 1182 2120 teneant
1213 2053 1347 2140 pacifice

295 2159 539 2245 imperpetuum
570 2157 663 2223 illam
693 2155 860 2223 brachium
890 2178 964 2243 quae
996 2179 1030 2222 se
1062 2157 1215 2223 extendit
1248 2177 1347 2242 super

295 2261 463 2348 spinetum
486 2261 527 2326 de
551 2258 699 2336 Jattone,
721 2259 809 2324 inter
831 2258 998 2325 brechiam
1020 2261 1148 2325 domini
1162 2261 1280 2347 prioris
1303 2262 1344 2327 de

295 2363 446 2428 Famleie
473 2368 507 2427 et
530 2361 674 2428 Simonis
705 2361 747 2427 de
770 2360 978 2440 Horkedale3
1009 2367 1044 2427 et
1065 2361 1158 2428 illam
1181 2362 1348 2429 brechiam

295 2466 460 2543 claudant,
475 2469 511 2530 et
532 2465 569 2529 in
584 2463 717 2530 defenso
739 2468 886 2542 teneant,
900 2485 1044 2530 unacum
1059 2469 1149 2531 terra
1168 2485 1229 2529 sua
1251 2487 1349 2551 super

295 2567 330 2633 lu
346 2567 490 2632 Boumte.
546 2565 602 2632 Ita
623 2571 736 2631 tamen
759 2565 847 2651 quod
869 2587 938 2652 prae
961 2565 1092 2646 defectu
1114 2565 1290 2632 clausimus
1313 2567 1471 2636 incaelo.

295 2668 463 2756 praedictis
498 2666 595 2732 terris
627 2667 732 2744 factae,
755 2667 870 2734 averia
898 2671 1013 2733 nostra
1045 2689 1144 2754 super
1174 2668 1349 2754 praedictas

296 2777 400 2837 terras
431 2770 570 2834 inventa
601 2769 694 2834 nullo
727 2774 876 2855 tempore
906 2770 1038 2855 possint
1069 2769 1267 2856 imparkare,
1289 2777 1350 2836 aut

295 2873 424 2958 aliquas
439 2871 594 2936 emendas
610 2892 726 2957 capere
741 2872 795 2937 vel
811 2871 951 2957 exigere.
995 2871 1096 2938 Salva
1118 2877 1232 2938 tamen
1253 2873 1349 2938 nobis

295 2981 330 3042 et
359 2973 599 3041 successoribus
631 2974 752 3039 nostris
785 2995 961 3040 commune
987 2995 1086 3060 quam
1120 2974 1240 3041 habere
1272 2995 1348 3042 con-

295 3077 469 3144 suevimus
491 3076 528 3140 in
550 3076 675 3161 campis
698 3075 740 3141 de
763 3075 929 3142 Alintona.
995 3076 1040 3142 Et
1062 3076 1098 3141 in
1120 3077 1349 3144 testimonium

295 3181 395 3267 hujus
433 3179 650 3246 concessionis
695 3183 817 3244 nostrae
855 3179 917 3245 hoc
954 3178 1114 3267 scriptum
1152 3180 1348 3266 bipertitum

294 3283 465 3348 internos
492 3285 543 3348 est
565 3280 759 3358 confectum,
790 3286 825 3347 et
855 3281 972 3368 sigiliis
1003 3281 1125 3348 nostris
1157 3281 1348 3350 alternatim

295 3385 449 3472 appensis
472 3384 648 3450 munitum.
695 3382 772 3448 Hiis
795 3383 945 3461 testibus,
968 3388 1028 3450 eto.

644 3592 723 3660 OAP.
748 3591 1006 3659 CCCLXXXII.

447 3742 551 3810 Oarta
573 3697 758 3810 Jotramtr
771 3740 938 3828 Horatiae
960 3741 1000 3808 cle
1022 3731 1220 3828 Alyatona'
1323 3713 1330 3722 ι

340 3891 516 3958 Universis
540 3889 665 3956 christi
687 3891 842 3956 fidelibus
871 3911 1015 3977 praesens
1038 3890 1231 3977 scriptum
1221 3913 1392 3979 mspec-1
1361 3899 1510 3956 Lieenssto

295 3997 389 4072 turis,
412 3994 582 4060 Johannes
606 3993 760 4080 Harding
782 3994 822 4058 de
843 3993 1011 4076 Aiintone,
1027 3993 1115 4060 salut
1100 3998 1168 4059 tem
1191 3999 1348 4061 eetemam
1359 3969 1499 4089 {mm

296 4099 332 4162 in
347 4097 498 4163 Domino.
546 4096 691 4161 Noverit
713 4097 914 4162 universitas
936 4102 1048 4163 vestra
1069 4119 1123 4163 me
1146 4099 1349 4177 concessisse,
1360 4103 1460 4153 nunes

296 4221 355 4286 pro
386 4221 438 4264 me
471 4206 506 4265 et
536 4198 715 4264 heredibus
748 4199 838 4277 meis,
871 4199 1005 4264 domino
1037 4199 1204 4265 Willelmo
1235 4169 1425 4268 abbatiRow
1361 4249 1451 4287 „m

297 4304 337 4367 de
362 4301 604 4378 Malmesbnria‚
629 4307 663 4367 et
690 4302 839 4387 ejusdem
870 4302 933 4366 loci
965 4305 1152 4382 conventui,
1176 4309 1211 4370 et
1237 4325 1350 4370 eorum

297 4403 549 4483 successoribus,
582 4404 713 4490 quod'
704 4405 769 4490 ipsi
802 4403 948 4470 habeant
982 4411 1016 4470 et
1048 4412 1184 4472 teneant
1217 4405 1352 4494 pacifice

297 4513 542 4598 imperpetuum
583 4515 671 4576 totas
702 4516 807 4577 terras
839 4533 915 4576 suas
948 4511 984 4575 in
1008 4509 1044 4575 la
1075 4511 1280 4580 Rowamerse
1314 4515 1350 4580 in

298 4619 394 4701 parte
418 4614 557 4679 australi
574 4615 614 4679 dc
631 4613 666 4679 to
683 4613 884 4703 Homonofta
901 4614 941 4678 de
965 4613 1184 4690 Fouleswike‚
1207 4621 1242 4680 et
1264 4617 1351 4703 ipsas

296 4725 405 4783 terras
426 4717 586 4782 claudant
601 4722 635 4781 et
650 4715 784 4781 defenso
803 4721 949 4794 teneant,
965 4737 1122 4780 unacum
1146 4715 1204 4780 illa
1220 4717 1353 4783 brechia

298 4845 373 4908 quae
397 4822 466 4887 fuit
489 4821 606 4887 Aliciae
628 4820 661 4886 la
682 4819 841 4887 Paumere
865 4821 904 4884 de
926 4821 1094 4895 Alintone,
1110 4841 1185 4885 cum
1201 4821 1352 4885 omnibus
