3526 5810
484 837 549 902 240
733 853 931 904 1111111111
954 853 1276 905 umunssuemusn.

482 1061 549 1117 nos,
581 1026 642 1106 ned
673 1040 793 1126 aliquis
827 1041 985 1106 heredum
1007 1046 1203 1119 nostrorum,
1225 1041 1359 1126 aliquod
1387 1041 1444 1126 jus
1476 1042 1528 1106 vel

481 1139 635 1206 clamium
667 1142 704 1206 in
734 1142 900 1228 praedictis
932 1142 1039 1207 tribus
1071 1142 1217 1208 dimidiis
1248 1143 1331 1209 acris
1356 1147 1453 1208 terrae
1475 1143 1528 1206 vel

481 1243 646 1328 aliquibus
669 1242 737 1307 suis
755 1244 972 1329 pertinentiis,
995 1244 1106 1330 aliquo
1128 1249 1275 1331 tempore
1297 1244 1392 1309 nobie
1414 1245 1529 1309 vendi-

481 1365 553 1410 care
588 1345 749 1431 possimus
783 1345 1035 1431 imperpetuum.
1082 1346 1126 1410 Et
1157 1368 1216 1432 pro
1245 1346 1307 1412 hac
1330 1346 1444 1432 quiete
1466 1346 1529 1412 ela-

481 1447 609 1513 mantia
638 1452 751 1512 nostra
785 1447 878 1512 dedit
908 1447 1003 1512 nobis
1036 1448 1213 1532 praedictus
1235 1447 1397 1513 Ricardus
1429 1469 1528 1511 unam

481 1572 590 1615 acram
624 1556 658 1615 et
690 1549 868 1627 dimidiam,
893 1556 991 1635 prout
1022 1550 1058 1614 in
1096 1555 1186 1615 carte
1223 1572 1284 1616 sua
1320 1551 1397 1615 inde
1435 1549 1528 1615 nobis

481 1651 627 1717 confecta
660 1652 790 1737 plenius
822 1653 1016 1717 continetur.
1063 1653 1133 1738 Ego
1164 1653 1264 1718 etium
1288 1653 1398 1738 Agnes
1432 1653 1529 1717 tactis

481 1755 692 1820 sacrosanctis
716 1754 929 1841 Euuangeliis
963 1755 1085 1840 juravi,
1111 1756 1200 1840 quod
1237 1755 1314 1820 licet
1352 1755 1528 1841 praedictus

480 1856 650 1934 Ricardua
672 1857 726 1920 vir
755 1878 856 1933 meus,
879 1861 957 1921 ente
980 1878 1032 1921 me
1064 1857 1101 1920 in
1134 1857 1205 1922 fata
1236 1857 1419 1934 decesserit,
1447 1879 1528 1943 prm-

394 1992 399 2004 ·
479 1959 605 2024 dictum
627 1964 755 2044 patrem
778 1979 897 2035 meum,
920 1980 978 2024 seu
1003 1958 1139 2023 heredes
1162 1959 1216 2024 vel
1239 1960 1422 2046 assignatos
1445 1980 1529 2036 suos,

479 2061 519 2126 de
551 2060 717 2146 proediotis
749 2060 857 2124 tribus
894 2059 1040 2125 dimidiis
1073 2061 1157 2126 acris
1190 2065 1296 2138 terres,
1329 2082 1411 2146 quas
1448 2081 1530 2146 prae·

479 2164 587 2228 dictus
609 2162 769 2228 Ricardus
792 2163 846 2226 vir
867 2183 958 2227 meus
985 2167 1021 2227 et
1043 2183 1103 2248 ego
1124 2163 1236 2248 Agnes
1258 2163 1364 2228 eidem
1387 2163 1528 2230 Ricmdo

478 2266 567 2352 patri
599 2286 672 2330 meo
689 2265 897 2352 premisimus,
920 2285 987 2330 non
1018 2264 1210 2351 inquietabo
1232 2265 1286 2331 vel
1308 2264 1527 2350 implacitabo.

480 2368 576 2448 Quod
607 2367 637 2432 si
664 2367 779 2443 fecero,
803 2388 862 2453 ego
886 2367 997 2452 Agnes
1029 2388 1088 2452 pro
1119 2389 1171 2432 me
1194 2372 1229 2431 et
1249 2367 1425 2433 heredibus
1448 2366 1528 2431 meis

479 2471 629 2548 concede,
652 2470 741 2554 quod
763 2469 929 2556 praedictae
952 2474 1019 2534 tres
1041 2470 1188 2536 dimidiae
1211 2491 1295 2536 acrae
1318 2475 1423 2547 terrae,
1448 2490 1528 2554 quas

479 2573 656 2659 praediotus
679 2572 839 2638 Riurdus
872 2576 967 2658 pater
995 2593 1086 2636 meus
1113 2573 1271 2658 proedicto
1293 2572 1435 2638 Ricardo
1458 2571 1529 2635 viro

479 2699 551 2742 meo
585 2681 619 2741 et
650 2674 733 2739 mihi
767 2675 891 2760 Agneti
926 2674 1019 2739 dedit
1050 2694 1108 2759 per
1141 2679 1264 2740 eurtum
1296 2696 1399 2752 suam,
1430 2679 1528 2760 prout

479 2778 703 2864 supradictum
739 2780 796 2854 est,
820 2781 1029 2842 revertantur
1060 2777 1103 2841 ad
1132 2777 1326 2862 praedictum
1350 2775 1528 2842 Ricardum

478 2885 605 2966 patrem
637 2901 747 2944 meum
779 2883 813 2944 et
846 2878 981 2944 heredes
1015 2901 1090 2944 suos
1120 2878 1190 2944 sine
1213 2879 1325 2965 aliqua
1346 2877 1529 2945 contradic-

477 2983 574 3046 tione.
623 2982 667 3046 Et
689 2983 725 3046 in
748 2981 974 3046 testimonium
1005 2981 1105 3066 hujus
1127 2981 1327 3046 remissionis
1350 2987 1384 3046 et
1407 2982 1527 3067 quietae

477 3083 661 3149 clamentiae
693 3088 823 3159 nostrae,
846 3082 907 3148 hoc
945 3083 1102 3168 scriptum
1137 3084 1242 3148 eidem
1277 3083 1417 3148 Ricardo
1453 3082 1529 3147 feci·

478 3208 558 3263 mus,
582 3192 617 3251 et
638 3185 723 3249 illud
746 3184 862 3270 sigillis
885 3184 989 3250 nostri
1012 3185 1223 3271 signavimus.
1270 3185 1346 3250 Hiis
1377 3185 1527 3261 testibus,

477 3288 620 3353 Roberto
652 3293 687 3352 et
721 3287 860 3352 Ricardo
898 3287 938 3352 de
972 3287 1005 3353 la
1039 3287 1110 3366 Lee,
1134 3289 1267 3374 Pagano
1299 3288 1330 3353 le
1353 3287 1456 3354 Clerk
1488 3289 1527 3353 dc

476 3390 735 3476 Brokeneberge,
778 3390 922 3456 Henrico
961 3390 1001 3454 de
1028 3389 1239 3469 Holecumbe,
1278 3391 1440 3455 Giliberto
1487 3392 1526 3456 de

477 3493 633 3570 Cardine,
655 3491 817 3559 Nioholeo
840 3491 874 3557 la
904 3491 1028 3570 Warre,
1056 3491 1198 3578 Hugone
1222 3492 1252 3557 le
1275 3492 1465 3578 Teynterer‚
1493 3499 1526 3558 et

476 3596 590 3662 multis
612 3595 693 3662 aliis.

871 3831 950 3897 Cim.
976 3830 1129 3898 CCCLX.

538 3985 659 4068 Quieto
682 3983 873 4050 cluuruute'u
898 3983 1043 4050 Riourdi
1065 3984 1205 4050 Piouok
1221 3985 1317 4072 suctu
1340 3985 1455 4053 abbati

871 4085 1130 4153 Muluwsburtoe.

310 4270 457 4332 Quitonim
520 4240 636 4306 Sciant
657 4241 833 4323 praesentes
857 4241 890 4301 et
912 4235 1017 4300 futuri
1033 4236 1121 4322 quod
1143 4258 1203 4322 ego
1218 4236 1378 4302 Ricardus
1393 4238 1522 4304 Pinnok

309 4338 444 4388 ⁰f¹⁸¹¹d⁸t
476 4343 516 4407 de
539 4340 728 4407 Boruhtone
760 4338 897 4417 reddidi,
921 4338 1040 4415 remisi,
1063 4343 1097 4402 et
1128 4339 1276 4423 quietum
1303 4340 1443 4406 clamavi
1467 4364 1524 4428 pro

308 4404 424 4471 sminge.
476 4467 527 4510 me
565 4448 599 4508 ct
636 4441 811 4507 heredibus
848 4440 902 4505 vel
939 4441 1113 4526 assignatis
1156 4442 1237 4506 meis
1274 4442 1523 4530 impssmeiuum’

477 4547 609 4611 domino
632 4543 798 4608 Willelmo
830 4541 944 4606 abbati
979 4542 1019 4606 de
1046 4541 1286 4621 Malmesburia,
1313 4551 1346 4609 et
1377 4547 1523 4631 ejusdem

476 4649 539 4714 loci
573 4645 758 4722 conventui,
782 4650 816 4708 et
849 4665 961 4708 eorum
993 4644 1237 4722 successoribus,
1266 4651 1374 4711 totum
1402 4649 1459 4734 jus
1490 4655 1524 4714 11

478 4751 631 4816 olamium
664 4747 751 4834 quod
785 4745 895 4824 habui,
920 4746 973 4811 vel
1003 4746 1115 4832 aliquo
1146 4747 1242 4813 modo
1275 4749 1395 4815 habere
1421 4751 1522 4837 potui,
