3566 5820
567 926 764 980 unorsraun
788 925 1107 978 umunssoarnusn.
1303 902 1366 970 215

669 1198 764 1264 CAP.
793 1197 1005 1265 CCOXLIII.

506 1369 696 1436 &meum
718 1367 758 1432 de
781 1373 872 1431 terra
894 1365 934 1430 cle
956 1363 1164 1429 Foulcawibe.

359 1532 442 1598 Haeo
464 1539 514 1597 est
535 1534 644 1598 finalis
667 1532 839 1597 concordia
861 1531 949 1596 facta
971 1533 1006 1596 in
1030 1531 1121 1595 curia
1140 1529 1265 1595 domini
1281 1527 1366 1615 regis
1379 1540 1453 1591 sinai
1466 1558 1525 1592 eon-

314 1634 403 1720 apud
426 1635 636 1720 Nor-wycum,
659 1657 680 1699 a
703 1635 754 1699 die
770 1633 904 1698 Peschae
919 1633 955 1696 in
978 1655 1081 1696 unum
1104 1653 1258 1708 mensem,
1279 1609 1534 1725 momoriae

314 1737 407 1822 regni
439 1738 525 1824 regis
549 1725 684 1802 Henrici
717 1737 777 1800 filii
800 1736 886 1822 regis
909 1735 1071 1800 Johannis
1096 1735 1366 1822 quinquagesimo

315 1839 465 1914 secundo,
489 1860 596 1904 coram
621 1837 782 1902 Nicholao
817 1837 857 1901 de
880 1837 985 1914 Turi-i,
1010 1837 1154 1904 Henrico
1189 1837 1229 1902 de
1253 1836 1366 1902 Monte

315 1939 408 2006 Forti
441 1941 481 2006 de
513 1941 681 2028 Farleghe,
720 1941 876 2026 magistro
915 1940 1055 2006 Ricardo
1092 1941 1132 2005 de
1172 1940 1298 2018 Stanes,
1334 1945 1367 2004 et

316 2041 460 2108 Hemioo
494 2042 535 2106 de
559 2041 811 2118 Wollavintone,
841 2041 1033 2126 justiciariis
1066 2042 1307 2114 itinerantibus,
1333 2047 1367 2108 ot

315 2145 389 2210 aliis
424 2146 548 2210 domini
576 2145 661 2230 regis
684 2142 835 2210 fidelibus
858 2150 938 2208 tunc
961 2145 1007 2208 ibi
1031 2145 1255 2230 presentibus,
1279 2147 1367 2209 inter

317 2247 520 2313 Willelmum
552 2247 706 2312 abbatem
739 2247 780 2311 de
812 2245 1054 2324 Malmesburia‚
1076 2257 1276 2333 querentem,
1308 2267 1367 2335 par

315 2350 545 2416 Alexandrum
569 2350 609 2414 de
633 2348 867 2415 Malmesburia
889 2351 1034 2434 positum
1066 2350 1137 2416 loco
1169 2372 1228 2416 suo
1250 2351 1293 2415 ad
1316 2348 1365 2415 lu-

316 2452 473 2519 crandum
496 2453 550 2518 vel
572 2453 784 2539 perdendum,
809 2457 843 2516 et
866 2453 1061 2538 magistrum
1093 2452 1291 2518 Nicholeum
1324 2452 1365 2519 de

316 2554 558 2630 Malmesburia,
586 2554 843 2629 deforciatorem,
867 2576 925 2638 per
950 2554 1128 2619 Ricardum
1144 2553 1285 2622 Freman
1308 2577 1365 2642 po·

274 2745 276 2748 ,
315 2658 418 2723 situm
450 2658 520 2723 loco
542 2679 602 2722 suo
625 2657 667 2723 ad
691 2657 886 2722 lucrandum
909 2656 964 2722 vel
986 2657 1200 2742 perdendum,
1223 2660 1263 2724 de
1297 2681 1365 2724 una

315 2765 468 2826 carucata
490 2764 587 2824 terrra
608 2782 683 2824 cum
708 2758 919 2844 pertinentiis
937 2759 973 2822 in
996 2759 1253 2846 Foweleswyke‚
1276 2761 1364 2826 unde

316 2863 476 2948 placitum
498 2861 730 2928 conventionis
763 2861 1004 2927 summonitum
1027 2869 1092 2926 iurt
1124 2869 1212 2928 inter
1244 2885 1298 2930 eos
1330 2865 1367 2928 in

317 2967 429 3032 eedem
446 2966 555 3044 curia3
578 2965 702 3031 scilicet
718 2966 807 3050 quod
822 2965 998 3052 praedictus
1014 2966 1170 3052 magister
1186 2965 1366 3032 Nicholaus

315 3070 506 3155 recognovit
529 3068 721 3155 praedictam
757 3065 877 3133 terram
911 3089 986 3133 eum
1019 3067 1229 3154 pertinentiis
1261 3073 1301 3134 ut
1331 3069 1368 3134 in

316 3171 498 3248 dominicis,
543 3171 748 3257 messuagiis‚
791 3171 964 3257 homagiis,
1002 3171 1151 3236 serviciis
1190 3171 1368 3237 liberorum

316 3273 499 3352 hominum,
522 3273 718 3360 villenagiis
743 3273 872 3350 wardis,
895 3273 1036 3350 releviis,
1061 3272 1229 3350 eschaetis,
1253 3273 1368 3342 boscis.

317 3378 430 3463 pratia,
452 3378 604 3463 pasturis,
629 3377 702 3454 viis,
725 3377 859 3453 semitis,
884 3377 986 3462 aquis,
1011 3377 1146 3463 stagnis,
1163 3375 1368 3452 molendinis,

317 3485 352 3546 et
375 3480 528 3544 omnibus
550 3480 625 3545 aliis
647 3481 744 3544 rebus
767 3481 809 3544 ad
833 3480 1023 3566 praedictam
1047 3486 1168 3544 terram
1203 3480 1369 3565 pertinen-

318 3583 416 3660 tibus,
440 3606 509 3648 esse
528 3583 584 3667 jus
616 3582 720 3668 ipsius
752 3582 883 3648 abbatis
915 3587 949 3646 et
972 3583 1114 3648 ecolesiae
1150 3604 1219 3648 sure
1254 3582 1368 3647 Sancti

317 3685 462 3750 Aldelmi
486 3685 734 3762 Mahnesburiae,
759 3691 797 3749 ut
831 3684 921 3750 illam
953 3707 1054 3769 quam
1088 3684 1176 3749 idom
1210 3684 1311 3750 abbas
1335 3693 1369 3750 et

319 3787 454 3852 ecclesia
476 3809 537 3852 sua
558 3786 717 3873 praedicta
748 3787 873 3851 habent
896 3786 938 3852 da
960 3787 1046 3852 dono
1068 3787 1173 3873 ipsius
1197 3787 1367 3854 Nicholai:

319 3889 506 3954 habendam
531 3897 565 3954 et
597 3889 774 3954 tenendam
797 3888 904 3954 eidem
927 3888 1042 3954 abbati
1066 3895 1100 3954 et
1130 3892 1367 3956 successoribus

318 3993 387 4056 suis
411 3997 446 4057 et
468 3991 611 4058 ecclesiae
635 4014 702 4056 suae
726 3992 893 4077 praedictae
917 3992 956 4058 de
979 3993 1137 4078 praedicto
1161 3993 1192 4056 N
1196 3993 1321 4060 icholao
1333 4001 1368 4060 et

319 4094 495 4161 heredibus
518 4095 586 4159 suis
609 4093 645 4157 in
668 4094 805 4160 liberam
820 4099 856 4159 et
870 4099 1063 4180 perpetuam
1079 4095 1290 4161 elemosinam
1306 4098 1367 4162 im-

321 4202 518 4283 perpetuum
536 4221 544 4276 ;
578 4197 773 4264 sustinendo
795 4197 873 4262 indo
898 4219 1001 4262 unum
1024 4198 1231 4283 capellanum
1253 4200 1368 4266 divina
1379 4213 1397 4262 f.
1412 4216 1469 4262 24³.

320 4300 538 4366 celebrantem
562 4302 598 4364 in
620 4300 748 4387 capella
781 4301 822 4365 de
857 4299 892 4366 lo
916 4299 1094 4378 Oburueere,
1117 4302 1368 4382 Malmesburiae,

322 4423 383 4491 pro
405 4404 559 4469 fidelibus
582 4393 848 4490 imperpetuum,
882 4409 917 4470 et
938 4403 1088 4471 faciendo
1112 4405 1188 4472 inde
1219 4407 1368 4492 capitali·

323 4507 384 4572 bus
408 4507 549 4572 dominis
572 4507 659 4573 feodi
682 4509 780 4586 illius,
795 4529 855 4593 pro
877 4509 1034 4594 praedicto
1051 4509 1212 4576 Nicholao
1228 4517 1262 4576 et
1276 4511 1367 4577 here-

320 4610 418 4676 dibus
440 4611 516 4689 suiS,
540 4612 650 4676 omnia
680 4610 818 4678 servicia
850 4631 924 4696 quae
947 4612 989 4677 ad
1023 4613 1215 4699 praedictam
1248 4620 1369 4681 terram

320 4715 495 4798 pertinent,
519 4735 578 4799 pro
600 4715 690 4782 omni
713 4714 858 4791 servicio¹
881 4715 1126 4794 consuetudine,
1142 4723 1176 4782 et
1198 4720 1368 4784 exactione

321 4816 469 4882 seculari.
530 4817 575 4881 Et
607 4818 785 4903 praedictus
809 4817 989 4885 Nicholaus
1013 4823 1047 4884 et
1068 4819 1204 4885 heredes
1226 4823 1278 4886 sui
1301 4844 1368 4888 wa·

321 4919 534 4986 rantizobunt
548 4919 654 4985 eidem
670 4919 782 4986 abbati
806 4926 841 4986 et
861 4923 1098 4988 successoribus
1120 4924 1247 5001 suiset
1269 4927 1368 4993 eccle·
