3578 5808
424 860 467 928 72
677 877 875 932 naersrnmr
897 880 1220 932 mmnseuamusn.

421 1071 544 1132 sectam
577 1067 750 1134 hominum
781 1074 968 1137 nostrorum
991 1069 1033 1136 de
1056 1069 1182 1136 Foxam
1205 1075 1241 1135 et
1265 1071 1306 1136 dc
1329 1068 1475 1135 Northa·

421 1190 513 1248 vene,
537 1169 676 1250 illorum,
700 1171 825 1240 scilicet
846 1173 905 1259 qui
928 1172 1057 1238 servilis
1091 1172 1290 1240 conditionis
1312 1176 1400 1248 sunt,
1434 1171 1477 1236 ad

420 1273 646 1338 molendinum
677 1297 773 1348 suum
797 1276 838 1341 de
860 1275 987 1354 Avene,
1012 1298 1070 1362 pro
1094 1279 1237 1361 quatuor
1259 1275 1372 1341 solidis
1396 1278 1476 1338 ster-

419 1375 594 1465 lingosum,
618 1401 700 1466 quos
723 1380 832 1448 dictus
855 1380 1034 1447 Gauuidus
1057 1385 1092 1446 et
1114 1379 1250 1446 heredes
1273 1380 1325 1446 sui
1351 1399 1476 1446 annua-

420 1481 482 1546 tim
505 1483 542 1546 in
557 1484 641 1549 festo
663 1484 777 1552 Sancti
800 1484 943 1550 Andreae
966 1482 1062 1549 nobis
1084 1489 1119 1550 et
1141 1483 1379 1552 successoribus
1403 1503 1476 1547 nos-

420 1584 481 1648 tris
526 1584 657 1652 solvent
705 1587 968 1673 imperpetuum
1005 1587 1041 1650 in
1085 1592 1309 1674 augmentum,
1343 1581 1476 1662 scilicet,

421 1686 532 1754 decem
554 1687 732 1756 solidorum
755 1711 837 1776 quos
868 1689 909 1754 de
939 1689 1028 1755 dicto
1060 1689 1248 1755 molendino
1280 1687 1323 1754 ad
1354 1685 1476 1752 festum

422 1787 537 1857 Sancti
574 1791 744 1857 Aldhelmi
781 1792 824 1858 ab
858 1793 996 1878 antiquo
1033 1792 1199 1878 percipere
1238 1789 1475 1858 consuevimus.

420 1889 594 1958 Provisum
617 1899 668 1960 est
690 1893 792 1960 etiam
814 1893 903 1959 inter
925 1914 984 1959 nos
1008 1915 1051 1958 cx
1073 1915 1143 1960 una
1165 1898 1259 1980 purte
1282 1897 1316 1960 et
1338 1890 1476 1980 praedic-

421 1998 494 2059 tum
518 1995 715 2062 Geufrr‘dum
738 2001 773 2063 et
801 1995 938 2063 heredes
970 2018 1045 2062 suos
1077 2019 1119 2063 ex
1151 1997 1263 2074 altera,
1285 1995 1374 2083 quod
1409 1995 1477 2082 ipse

421 2101 456 2162 et
477 2096 613 2166 heredes
636 2099 689 2165 sui
711 2121 770 2186 per
792 2121 826 2165 se
858 2097 911 2166 vel
941 2120 1000 2185 per
1031 2097 1248 2165 sufficientem
1271 2102 1476 2184 attornatum

422 2201 545 2266 curiam
577 2207 725 2269 nostram
757 2201 798 2267 dc
830 2199 1075 2280 Melmesburia,
1108 2222 1182 2268 cum
1215 2222 1343 2268 necesse
1366 2199 1476 2278 fuerit,

422 2309 609 2389 sequentur.
655 2303 700 2370 Et
731 2325 844 2370 omnes
876 2301 1026 2370 homines
1065 2301 1118 2368 sui
1150 2302 1191 2368 de
1223 2305 1411 2368 tenemento
1436 2301 1477 2366 de

422 2405 540 2472 Avena
566 2406 683 2493 quiin
715 2405 893 2494 thethinga
927 2405 1060 2486 fuerint,
1085 2406 1294 2472 hundredum
1328 2411 1476 2472 nostrum

423 2510 463 2575 de
486 2508 616 2575 Bremel
638 2511 681 2574 ed
704 2510 785 2576 duos
809 2510 967 2576 terminos
990 2507 1070 2576 anni
1093 2514 1290 2596 sequentur;
1313 2508 1477 2586 videlicet,

421 2611 464 2678 ad
497 2611 682 2698 Hockeday
713 2616 748 2678 et
779 2612 823 2678 ad
854 2611 974 2677 festum
1007 2609 1122 2676 Sancti
1154 2611 1313 2697 Martyni.
1359 2611 1404 2676 Et
1435 2611 1478 2676 ad

421 2718 599 2800 utrumque
615 2714 794 2779 terminum
809 2713 958 2778 homines
974 2713 1056 2779 dicti
1074 2712 1226 2779 Gaufridi
1249 2713 1307 2800 qui
1333 2733 1476 2800 sequun-

421 2823 477 2882 tur
499 2815 685 2903 tethingem
709 2822 856 2882 nostram
883 2815 923 2881 de
947 2813 1086 2894 Bremel,
1114 2815 1170 2880 xii.
1195 2814 1267 2882 den.
1295 2816 1475 2882 communi-

420 2923 472 2986 ter
493 2920 667 3007 pacabunt.
716 2917 752 2984 Si
776 2941 855 2984 vero
877 2917 998 3004 aliquis
1022 2940 1063 2984 ex
1091 2919 1256 3004 praedictis
1287 2917 1475 2985 hominibus

420 3043 528 3089 coram
563 3021 658 3088 nobis
689 3019 742 3086 vel
772 3019 905 3085 ballivis
943 3020 1065 3086 nostris
1092 3020 1134 3084 ob
1168 3019 1313 3105 aliquam
1337 3031 1474 3087 'causam

420 3123 607 3212 querelatus
630 3123 741 3204 fuerit,
764 3127 798 3189 et
822 3129 899 3188 ante
923 3121 1089 3209 judicium
1116 3120 1216 3188 curiae
1239 3126 1360 3188 nostrae
1376 3123 1475 3190 finem

420 3227 525 3296 facere
556 3228 708 3306 voluerit,
731 3224 864 3293 nomine
899 3225 1129 3294 misericordia
1159 3247 1216 3291 sex
1241 3225 1314 3291 den.
1344 3231 1475 3291 tentum

420 3331 555 3418 pacabit
567 3355 575 3412 ;
598 3331 626 3395 si
649 3330 806 3417 placitare
830 3329 1031 3394 volucritat
1055 3328 1259 3415 judicialiter
1281 3329 1475 3396 amerciatus

419 3432 529 3512 fuerit,
552 3433 609 3500 xii.
634 3435 705 3498 den.
751 3432 807 3498 Ad
829 3431 987 3518 majorem
1011 3431 1112 3498 etiam
1135 3432 1345 3499 securitatem
1377 3455 1475 3522 super

419 3534 485 3602 hiis
508 3537 573 3602 duo
596 3535 632 3601 in
666 3534 800 3600 modum
834 3533 1032 3622 cyrographi
1066 3534 1213 3602 confecta
1242 3539 1322 3602 sunt
1352 3536 1474 3602 instru-

418 3642 532 3705 menta
563 3637 627 3704 sub
659 3638 774 3704 eodem
800 3637 976 3703 verborum
1010 3643 1122 3706 tenore
1151 3637 1285 3724 penitus
1309 3643 1473 3726 concepta.

406 3741 569 3823 ¹Quorum
592 3763 697 3807 unum
720 3737 828 3828 sigillo
852 3737 1005 3806 Gaul'ridi
1027 3739 1069 3805 de
1092 3739 1275 3826 Syfrewast
1296 3739 1472 3828 signatum,

418 3866 518 3931 penes
548 3843 703 3911 abbatem
735 3849 769 3910 et
802 3848 1004 3910 conventum
1039 3842 1282 3910 Malmesburiae
1317 3849 1472 3910 remanet

417 3946 596 4033 Reliquum
619 3967 705 4024 vero,
729 3946 780 4012 cui
812 3947 908 4034 signa
942 3945 1073 4013 abbatis
1111 3951 1145 4012 et
1180 3951 1362 4012 conventus
1394 3950 1474 4011 sunt

416 4069 570 4135 appensa,
592 4071 692 4135 penes
715 4047 914 4115 Gaufridum
937 4047 978 4114 de
994 4047 1180 4135 Syfrewast
1201 4046 1330 4113 residet.
1376 4047 1474 4114 Hanc

416 4156 529 4217 autem
553 4150 773 4237 provisionem
796 4151 839 4217 ad
862 4154 1031 4237 perpetuae
1054 4149 1145 4238 pacis
1167 4149 1256 4216 inter
1285 4171 1345 4216 nos
1371 4150 1472 4216 refor-

415 4255 594 4320 mationem
623 4254 838 4341 praesentium
865 4255 1160 4320 instrumentorum
1183 4252 1415 4330 insinuatione,
1439 4258 1473 4318 et

415 4355 598 4441 sigillorum
620 4361 807 4423 nostrorum
830 4355 1052 4442 impressione,
1067 4355 1356 4422 corroboravimus.
1396 4353 1472 4420 Hiis

414 4458 564 4536 testibus,
587 4463 646 4524 etc.
