3578 5808
435 853 477 918 12
685 869 884 922 snsrsrnmr
908 870 1232 924 mussonrnrsn

431 1055 513 1124 soris
547 1056 661 1134 nostri,
698 1078 797 1142 super
833 1057 1002 1143 praediotis
1034 1058 1270 1125 donationibus
1307 1057 1485 1146 diligenter

432 1157 620 1243 inspexisse.
683 1155 935 1226 considerantes
969 1159 1074 1246 igitur
1107 1161 1264 1246 quonism
1299 1159 1371 1226 dies
1404 1158 1484 1225 moli

431 1263 518 1336 sunt,
542 1265 577 1326 et
598 1259 746 1328 humens
767 1261 899 1328 mnlioin
920 1261 963 1328 nd
987 1282 1087 1328 sserse
1109 1261 1279 1350 religionis
1297 1260 1485 1328 subversio·

432 1382 508 1428 nem
531 1362 695 1430 menter
716 1363 929 1450 ingrassetur,
944 1385 987 1430 ne
1003 1365 1100 1430 dietis
1124 1364 1239 1430 ebbsti
1256 1368 1291 1430 et
1305 1363 1484 1432 eonventui

432 1464 474 1530 do
496 1464 731 1532 Mnlm0sburio
763 1465 884 1532 exinde
915 1467 1020 1553 possit
1042 1467 1184 1533 suboriri
1207 1469 1334 1536 ooossio
1355 1473 1485 1534 oontro·

432 1566 556 1644 versiae,
579 1566 640 1634 hes
673 1568 745 1652 pios
779 1568 973 1635 donationes
1004 1575 1040 1634 et
1072 1567 1243 1636 diutinosl
1265 1570 1483 1656 possessiones

432 1667 503 1733 Deo
526 1674 560 1734 et
582 1669 724 1736 eoelesioe
748 1670 789 1736 do
812 1670 1055 1748 Mslmesburin,
1077 1673 1276 1738 auctoritate
1299 1671 1481 1757 pontifiesli

431 1772 705 1840 oonfirmnvimus
751 1773 796 1838 lit
816 1773 860 1839 sd
882 1780 1050 1858 perpetuae
1072 1773 1241 1840 firmitatis
1263 1775 1482 1851 securitatem,

431 1873 532 1960 sigilli
565 1875 669 1940 nostri
707 1873 907 1960 pontificalis
940 1875 1154 1961 impressione
1188 1875 1478 1942 eomobomvimus.

432 1977 509 2042 Hiis
542 1977 691 2055 testibus,
715 1977 875 2064 Magistro
898 1979 1068 2056 Msurioio
1090 1978 1320 2046 srehidinoono
1352 1979 1479 2046 Lsnds·

431 2079 525 2146 vensi
556 2086 591 2146 et
612 2079 695 2146 eliis

832 2331 910 2397 om.
936 2329 1084 2396 CXLIX.

432 2499 656 2586 Confirmatio
682 2498 829 2585 episcopi
850 2497 1102 2566 Lomloniooso’s
1132 2497 1173 2564 de
1195 2495 1330 2564 melesio
1359 2496 1481 2564 Soeote'

785 2599 945 2666 Ntolwloe'
967 2598 1109 2664 Halon.

264 2771 403 2823 Confirma-
476 2756 637 2822 Omnibus
659 2758 781 2820 senotee
804 2752 919 2817 metris
942 2751 1084 2817 ecolesiae
1107 2750 1185 2814 filiis
1208 2749 1250 2814 ed
1282 2771 1364 2835 quos
1398 2771 1479 2836 prae-

260 2837 314 2890 ⁸i⁰¹³
327 2841 362 2904 ¹³5
526 2859 685 2945 seriptum
707 2855 904 2944 pervenerit,
927 2853 1088 2920 Ricardus
1123 2852 1239 2918 divino
1270 2853 1480 2918 miseralione

281 2905 286 2915 ·
430 2881 504 2926 sens

260 2905 396 3026 ffpppnpt
429 2961 666 3028 Londoniensis
689 2959 832 3026 ecolesiae
855 2957 1014 3034 minister,
1042 2954 1182 3020 sulutem
1218 2959 1414 3041 praesentem
1446 2959 1480 3019 et

427 3066 576 3131 futurem
599 3066 635 3129 in
657 3063 808 3129 Domino.
854 3059 905 3124 Pii
928 3059 1068 3145 pastoris
1091 3057 1348 3123 sollicitudinem
1379 3057 1481 3143 respi-

428 3168 474 3233 oit
507 3167 694 3252 unicuique,
718 3170 752 3230 et
785 3162 929 3228 maxime
955 3161 1036 3224 viris
1068 3159 1229 3246 religiosis
1261 3159 1351 3246 quod
1383 3179 1478 3224 suum

428 3277 478 3336 est
500 3278 639 3356 paterne
660 3267 861 3354 protectione
884 3284 1084 3340 conservare,
1108 3267 1143 3326 et
1165 3283 1208 3326 ne
1231 3262 1283 3326 sui
1302 3261 1390 3346 juris
1407 3262 1477 3347 joo-

427 3379 537 3439 turnm
560 3395 617 3438 seu
640 3369 894 3436 diminutionem
912 3367 949 3431 in
964 3365 1076 3451 aliquo
1092 3365 1286 3444 sustineant,
1304 3363 1479 3452 diiigenter

426 3495 617 3562 procurare:
649 3477 822 3559 eapropter
844 3470 997 3535 volumus
1028 3467 1072 3532 nd
1106 3465 1335 3532 universitatis
1359 3471 1477 3532 vestrae

427 3577 598 3664 pervenire
613 3575 778 3656 notitiem,
800 3593 860 3638 nos
883 3573 924 3637 de
951 3570 1028 3656 jure
1051 3565 1269 3636 dilectorum*
1290 3573 1476 3636 nostrorum

427 3681 463 3745 in
495 3679 627 3746 Christo
657 3675 890 3744 monsohorum
924 3673 965 3738 de
1000 3671 1240 3750 Mslmesburie,
1273 3677 1309 3736 ot
1339 3671 1478 3758 entique

427 3805 539 3850 eorum
573 3779 773 3870 possessione
805 3778 841 3842 in
875 3775 1010 3844 ecclesis
1042 3774 1132 3841 besti
1167 3771 1322 3840 Nioholsi
1357 3771 1477 3841 Achim

426 3887 514 3974 epud
538 3885 750 3961 Londonism‚
773 3881 854 3948 sotis
874 3885 979 3946 oertos
1011 3883 1046 3943 et
1068 3877 1198 3966 plenius
1221 3876 1408 3954 instructos,
1431 3875 1475 3940 nd

426 3989 621 4056 instantiam
644 3993 679 4052 et
700 3985 896 4073 petitionem
926 3981 1086 4048 carissimi
1118 3979 1224 4044 nostri
1256 3978 1388 4045 obbatis
1411 3979 1475 4044 Ro-

425 4092 511 4157 berti
535 4097 569 4156 et
591 4093 773 4158 eonventus
796 4085 943 4173 ejusdem
965 4083 1028 4150 looi
1051 4081 1273 4170 supradictum
1306 4081 1475 4149 eoelesiem

425 4195 547 4260 eisdem
569 4191 766 4269 habendam,
790 4195 825 4255 et
857 4191 1017 4276 perpetuo
1050 4183 1290 4271 possidendum,
1314 4183 1406 4250 selvo
1440 4184 1475 4247 in

425 4298 577 4362 omnibus
595 4295 670 4381 jure
694 4291 932 4359 Londoniensis
955 4287 1108 4366 eoelesiae,
1124 4287 1325 4364 concessisse,
1350 4292 1385 4351 et
1407 4285 1474 4371 epi·

424 4399 546 4485 seopeli
570 4419 636 4483 que
658 4395 871 4482 prsesidemus
894 4391 1092 4458 auctoritate
1116 4389 1331 4455 confirmasse.
1379 4387 1474 4468 Quod

457 4689 465 4722 ι
483 4681 802 4738 destruemonemus
818 4678 924 4731 neos-
972 4638 1038 4688 ΜΓ
1049 4638 1117 4688 *¹⁸⁰⁶
1128 4636 1154 4686 ³¹¹
1167 4637 1210 4688 ⁸¹¹²
1222 4635 1331 4702 mitit
1342 4653 1371 4688 ²⁸
1388 4636 1416 4686 n
1432 4636 1474 4686 ‘¹²‘

422 4767 493 4834 Sinai
516 4763 604 4825 'mibi’
627 4765 673 4814 but
694 4763 824 4814 ⁰⁰m⁰ted
849 4761 884 4824 by
907 4775 922 4808 ⁸
1004 4755 1215 4846 sdelicrorumin
1227 4795 1285 4848 MS.
