3578 5808
408 891 451 958 el
660 909 857 957 anorsrnuu
881 905 1203 958 urrunseumanse.

783 1098 862 1164 One.
895 1096 1099 1164 CCXXXII.

425 1224 546 1307 Quieto
577 1223 768 1291 decurrentia
796 1225 950 1310 deinter·
983 1225 1023 1291 de
1052 1225 1229 1312 Sisrerouat
1258 1225 1298 1290 do
1329 1225 1458 1293 duobus

718 1328 932 1394 molendinis
955 1329 995 1393 cle
1021 1329 1141 1394 Aoeno.

265 1469 289 1518 ui
313 1485 326 1518 e
353 1468 386 1518 im
452 1457 566 1523 Soiant
589 1463 768 1544 praesentes
802 1464 837 1522 et
870 1458 976 1522 futuri
1000 1459 1089 1543 quod
1112 1480 1173 1543 ego
1196 1458 1344 1544 Bogerus
1367 1459 1456 1523 filius

288 1553 310 1584 w
407 1565 441 1626 et
478 1559 571 1624 heres
613 1560 766 1625 Gaufridi
811 1562 851 1625 de
871 1560 1069 1646 Syheuaet
1103 1561 1240 1638 reddidi,
1279 1563 1391 1626 remisi
1423 1568 1457 1626 et

407 1662 556 1748 quietum
580 1661 728 1740 clamavi,
744 1686 803 1750 pro
827 1687 879 1730 me
903 1670 937 1728 et·
959 1685 1018 1749 pro
1042 1662 1218 1728 heredibus
1233 1663 1315 1727 meis
1337 1663 1457 1750 imper·

405 1771 553 1851 potuum,
586 1766 728 1830 dominis
763 1768 844 1832 meis
868 1765 1035 1832 Willelmo
1067 1765 1182 1832 abbati
1218 1772 1252 1830 et
1275 1768 1456 1831 conventui

408 1867 659 1945 Malmesburiae,
682 1875 791 1935 totum
820 1870 877 1955 jue
913 1876 948 1934 et
970 1868 1124 1934 olamium
1158 1867 1246 1952 quod
1269 1867 1380 1946 habui,
1403 1869 1454 1935 vel

405 1971 636 2057 aliquomodo
667 1971 787 2038 habere
811 1974 913 2058 potui,
945 1973 981 2037 in
1005 1971 1133 2036 duobus
1168 1969 1364 2036 molendinis
1396 1972 1457 2036 sub

406 2095 473 2138 uno
496 2075 637 2139 eulmine
661 2075 888 2152 existentibus
913 2097 986 2160 quae
1003 2074 1135 2160 quidem
1151 2073 1341 2144 molendina
1364 2076 1457 2140 tenui

407 2177 447 2242 de
471 2176 591 2242 eisdem
616 2177 736 2243 abbate
768 2183 803 2242 et
825 2183 1002 2254 conventu,
1026 2198 1101 2242 cum
1125 2175 1230 2241 crofta
1264 2197 1339 2261 quae
1362 2198 1457 2242 voea-

407 2286 463 2344 tur
509 2278 544 2344 lu
582 2278 785 2366 Muleerofle,
824 2285 858 2344 et
896 2301 971 2345 cum
1009 2279 1138 2344 duobus
1184 2277 1332 2364 pratellis
1380 2300 1454 2363 quae

405 2387 567 2446 vocantur
589 2382 618 2446 lo
640 2381 940 2468 Frnheleyneshom
963 2388 998 2446 et
1022 2382 1050 2446 le
1066 2381 1107 2444 M
1110 2379 1250 2446 olebant.
1291 2378 1345 2445 Ita
1368 2381 1456 2465 quod

406 2484 556 2572 praedicti
579 2484 681 2550 abbas
707 2490 741 2550 et
764 2492 947 2550 conventus
979 2485 1125 2550 habeant
1148 2489 1182 2548 et
1215 2487 1351 2548 teneant
1374 2505 1456 2570 pree·

406 2588 496 2654 dicta
540 2588 606 2652 duo
648 2587 845 2664 molendina,
880 2609 955 2653 eum
997 2587 1103 2652 crofta
1133 2585 1381 2671 praenominata,
1420 2591 1456 2650 et

406 2689 553 2778 pratellis
587 2690 845 2775 praenominatis,
878 2697 913 2754 et
950 2712 1025 2755 eum
1064 2688 1218 2754 omnibus
1241 2687 1316 2754 aliis
1347 2687 1453 2765 rebus,

404 2792 615 2860 libertatibus
649 2799 684 2857 et
721 2792 834 2857 liberie
873 2792 1177 2868 consuetudinibus,
1215 2791 1259 2856 ad
1295 2790 1456 2877 praedicta

404 2895 592 2963 molendina
623 2893 733 2980 aliquo
768 2896 866 2960 modo
900 2895 1153 2981 pertinentibus,
1185 2899 1220 2958 et
1258 2893 1298 2958 de
1333 2893 1455 2958 eisdem

403 3000 584 3065 seeundum
608 2997 695 3083 quod
720 2997 763 3062 ad
786 2997 992 3062 commodum
1025 3018 1137 3062 eorum
1160 2996 1277 3062 melius
1300 2995 1455 3081 expedire

403 3105 558 3180 viderint,
582 3103 737 3168 ordinent
768 3108 803 3168 et
834 3102 1021 3187 disponant,
1045 3103 1115 3166 sine
1138 3101 1251 3186 aliqua
1273 3099 1456 3166 contradic-

404 3207 504 3284 tione,
527 3205 765 3292 impedimento
789 3204 843 3269 vel
874 3203 1106 3270 reclamatione
1129 3203 1195 3267 mei
1217 3202 1271 3267 vel
1298 3201 1455 3267 heredum

403 3329 552 3374 meorum
574 3307 829 3393 imperpetuum,
854 3306 903 3371 ita
934 3305 1022 3390 quod
1053 3326 1114 3369 neo
1145 3325 1212 3391 ego,
1244 3325 1306 3369 neo
1335 3303 1456 3390 aliquis

403 3411 561 3478 heredum
593 3410 648 3475 rel
677 3410 920 3496 assignatorum
952 3429 1108 3486 meorum,
1133 3406 1261 3492 aliquid
1289 3407 1375 3492 juris
1402 3407 1456 3471 vel

405 3514 515 3580 elamii
552 3514 588 3576 in
621 3511 787 3598 praedietis
825 3509 1031 3587 molendinis,
1064 3509 1170 3575 crofta
1207 3508 1455 3595 praenominata,

404 3638 462 3682 eeu
497 3613 644 3700 pratellis
668 3613 925 3699 prenominatis,
949 3612 1019 3676 sive
1042 3611 1210 3696 aliquibus
1243 3610 1317 3675 aliis
1349 3610 1456 3689 rebus,

404 3716 615 3784 libertatibus
653 3722 688 3781 et
725 3714 837 3780 liberis
875 3713 1178 3790 consuetudinibus,
1216 3712 1260 3778 ad
1297 3711 1456 3798 praedieta

404 3821 593 3886 molendina
615 3819 726 3904 aliquo
761 3820 857 3883 modo
891 3815 1143 3904 pertinentibus,
1167 3815 1277 3901 aliquo
1309 3821 1455 3901 tempore

405 3923 580 3990 vendioare
602 3921 771 4008 possimus,

450 4025 495 4091 Et
518 4027 554 4090 in
577 4023 803 4089 testimonium
834 4021 935 4107 hujus
958 4020 1158 4085 remissionis
1189 4025 1223 4086 et
1246 4020 1367 4104 quiere
1391 4019 1457 4084 ela·

404 4127 541 4194 mantiae
563 4126 625 4191 hoe
649 4125 808 4210 scriptum
832 4123 956 4188 eisdem
980 4121 1097 4186 abbati
1120 4127 1155 4186 et
1177 4121 1357 4186 conventui
1381 4120 1454 4198 feei,

405 4237 440 4300 et
462 4229 570 4318 sigillo
592 4249 665 4293 meo
688 4227 827 4313 signavi.
875 4224 954 4290 Hiis
976 4224 1128 4302 testibus,
1151 4227 1210 4289 ete.

772 4452 852 4519 CAP.
877 4448 1098 4518 CCXXXIII.

428 4584 534 4650 eona
556 4581 680 4669 Reponi
688 4580 766 4669 filii
790 4578 946 4667 (lutfridi
969 4577 1008 4643 de
1025 4577 1202 4666 Oijrowast
1226 4577 1266 4645 de
1289 4578 1420 4646 duobos

695 4681 907 4751 moloraddnis
929 4681 1028 4770 apud
1049 4681 1172 4749 Aeone.

240 4822 278 4874 Of
283 4821 328 4873 the
452 4817 567 4884 Sciant
589 4817 768 4901 praesentes
790 4815 825 4878 et
856 4811 964 4875 futuri
987 4809 1076 4896 quod
1110 4831 1171 4898 ego
1194 4811 1344 4897 Rogems
1366 4810 1455 4876 filius

238 4903 315 4940 881116.

407 4921 548 4990 Galhidi
583 4919 624 4984 de
648 4915 836 5004 Oyfrewast
859 4913 944 4990 dedi,
967 4915 1119 4993 concessi,
1142 4918 1177 4978 et
1211 4912 1272 4978 hae
1296 4914 1455 4999 praesenti
