3526 5810
528 881 728 936 snsrsrauu
750 879 1071 932 umunssuamrsn.
1260 866 1326 932 249

276 1072 377 1138 abbas
399 1077 434 1138 et
455 1077 636 1138 conventus
650 1074 686 1137 et
707 1091 820 1136 eorum
842 1090 1040 1137 successores
1061 1067 1208 1136 habeant
1229 1067 1327 1136 mari-

276 1175 403 1262 tagium
424 1173 584 1240 heredum
607 1172 757 1260 praedicti
780 1171 945 1238 Johannis
975 1172 1007 1238 le
1037 1172 1151 1249 Breth,
1174 1173 1325 1258 quietum

276 1281 311 1342 st
341 1274 486 1341 solutum
517 1275 588 1342 sine
622 1275 733 1362 aliqua
765 1274 1031 1352 contradictione,
1063 1274 1240 1340 vexatione
1271 1275 1325 1340 vel

275 1377 504 1446 reclamatione
527 1377 592 1444 mei
614 1378 669 1444 vel
701 1377 860 1444 heredum
882 1376 936 1443 vel
970 1378 1211 1464 assignatorum
1238 1399 1325 1444 meo·

241 1556 244 1564 ¹
276 1503 349 1546 rum
387 1481 639 1567 imperpetuum.
715 1479 779 1545 Pro
816 1479 878 1545 hac
916 1484 1028 1545 autern
1065 1479 1255 1546 remissione
1292 1484 1327 1544 et

276 1583 389 1670 quieta
419 1583 598 1650 clamantia
629 1605 710 1660 mes,
734 1583 896 1647 dederunt
927 1582 1010 1646 mihi
1042 1581 1192 1668 predicti
1222 1582 1325 1651 abbas

276 1692 309 1752 et
331 1691 513 1753 conventus
535 1685 723 1772 quindecim
747 1705 873 1751 marcas
907 1684 1044 1771 argenti.
1092 1683 1137 1749 Et
1159 1684 1196 1750 in
1230 1683 1327 1750 testi·

276 1790 423 1854 monium
456 1788 557 1874 hujus
579 1786 780 1852 remissionis
814 1793 849 1851 et
878 1787 1000 1873 quietae
1023 1786 1212 1853 clamantiae
1235 1807 1325 1864 mooe,

276 1891 337 1957 hoc
357 1891 517 1978 scriptum
539 1890 663 1956 eisdem
686 1889 800 1955 abbati
823 1901 859 1954 et
888 1889 1068 1955 conventui
1090 1889 1162 1966 feci,
1186 1895 1221 1955 et
1243 1889 1327 1955 illud

276 1991 384 2078 sigillo
422 2013 495 2058 meo
526 1991 666 2077 signavi.
713 1989 791 2054 Hiis
823 1991 974 2067 testibus,
997 1990 1139 2057 dominis
1173 1990 1326 2057 Johanne

278 2095 413 2171 (iiffard,
428 2093 568 2160 Walteri
591 2093 727 2170 Heluin,
742 2092 851 2159 Adam
874 2091 915 2158 de
938 2093 1052 2159 Monte
1067 2093 1158 2171 Alto,
1174 2092 1197 2158 J
1198 2094 1327 2166 ohanne

278 2197 406 2262 Giffard
428 2197 469 2262 de
491 2195 657 2282 Twyford,
680 2195 807 2282 Rogero
830 2195 861 2259 le
884 2195 983 2272 Reus,
1006 2195 1183 2282 Radulpho
1205 2195 1247 2262 de
1268 2195 1328 2260 Al·

277 2298 425 2384 byniaco,
449 2297 586 2364 Roberti
608 2298 649 2363 de
672 2297 785 2375 Panes,
809 2296 998 2374 militibus3
1019 2297 1178 2384 magistro
1201 2297 1328 2364 Thomu

279 2401 319 2467 de
357 2401 576 2487 Sothyntone,
619 2399 752 2467 domino
790 2399 936 2466 Waltero
982 2399 1023 2466 de
1062 2399 1328 2488 Rodemarleghe,

277 2509 400 2570 rectore
432 2503 575 2571 ecelesiae
608 2504 649 2568 de
681 2503 869 2590 superbona
893 2502 1060 2568 Willelmo
1083 2503 1124 2569 de
1147 2504 1327 2583 Strattone,

277 2605 429 2673 Johanne
451 2605 483 2672 le
505 2605 618 2682 Breth,
642 2604 815 2689 Sylvestro
838 2603 982 2691 Doynel,
1007 2610 1043 2670 et
1064 2604 1148 2670 aliis.

632 2841 711 2910 Gar.
737 2841 978 2910 OOCLXVIII.

370 2989 551 3060 Consentio
574 2991 614 3058 de
635 2990 830 3058 venditione
852 2991 1012 3058 custodies
1035 2991 1074 3058 dc
1103 2991 1253 3060 Weotorw.

324 3140 379 3205 Ad
415 3139 538 3205 festum
587 3138 788 3204 Nativitatis
826 3138 923 3204 Beati
956 3138 1129 3205 Johannis
1159 3141 1444 3227 Baptistae,s,100f

278 3264 366 3308 anno
400 3241 538 3307 Domini
573 3257 650 3305 nco.
677 3241 875 3327 octogesimo
912 3241 1020 3319 tertie,
1051 3244 1209 3308 convenit
1242 3238 1477 3368 intertsslffi·

280 3347 451 3413 dominum
473 3344 525 3411 W.
557 3343 711 3410 abbatem
746 3342 987 3410 Malmesburise
1021 3351 1055 3411 et
1087 3347 1233 3433 ejusdem
1267 3348 1330 3414 loci
1343 3369 1467 3438 mim

280 3454 478 3516 conventum
510 3468 553 3511 ex
585 3451 680 3531 parte
711 3466 787 3524 una,
821 3451 856 3510 et
887 3446 1082 3532 magistrum
1116 3449 1409 3553 R⁰⁴d¹¹lph¹¹mieirs
1343 3435 1423 3487 (ΜΘ
1433 3437 1487 3488 saia

279 3553 320 3616 de
351 3551 524 3636 Lsycestre
545 3547 811 3612 archidiaconum
844 3547 975 3634 Wyltis'
1008 3573 1051 3616 ex
1082 3550 1207 3632 altera;
1237 3554 1330 3619 vide-
1375 3517 1417 3552 m.

280 3654 365 3731 licet,
387 3653 476 3738 quod
498 3649 649 3737 praedicti
665 3649 767 3715 abbas
789 3655 822 3715 et
845 3658 1028 3717 conventus
1052 3655 1274 3721 vendiderunt
1296 3663 1330 3723 et

278 3758 505 3822 concesserunt
543 3752 701 3840 proedicto
740 3752 898 3839 magistro
932 3753 1118 3840 Radnlpho‚
1143 3759 1330 3826 custodiam

280 3864 440 3924 terrarum
463 3875 537 3942 quae
567 3854 704 3919 firerunt
726 3853 889 3920 Johannis
919 3854 981 3919 filii
1012 3856 1147 3924 Ricardi
1169 3859 1201 3926 le
1224 3861 1329 3928 Breth

280 3959 316 4024 in
338 3959 419 4025 villa
442 3958 483 4023 de
506 3957 670 4032 westona,
694 3977 769 4020 curn
800 3957 975 4044 maritagio
998 3955 1156 4024 heredum
1179 3963 1329 4047 praedicti

279 4061 442 4127 «Iohannis
464 4060 523 4146 qui
545 4053 745 4138 nunc'sunt,
768 4058 816 4123 ita
843 4058 932 4144 quod
962 4081 1029 4124 non
1063 4061 1325 4152 disparagontur.

280 4163 477 4229 Habendam
511 4166 546 4226 et
576 4159 754 4226 tenendam
788 4161 972 4226 custodiam
1003 4162 1239 4248 praedictarum
1262 4173 1329 4233 ter·

279 4288 399 4344 rarum,
422 4287 497 4331 cum
513 4262 674 4339 domibus,
697 4262 853 4348 gardinis‚
878 4263 1085 4352 cartillagiis,
1109 4267 1233 4346 moitis,
1255 4291 1330 4356 pra-

280 4373 333 4450 tis,
355 4372 484 4458 pascuis
508 4375 542 4436 et
571 4368 724 4454 pasturis,
748 4370 939 4436 tenentibus
969 4371 1081 4437 liberis
1104 4380 1139 4438 et
1160 4377 1274 4454 servis,
1297 4384 1332 4444 et

280 4497 393 4540 eorum
416 4472 600 4539 redditibus
633 4476 667 4536 et
701 4473 857 4550 serviciis
881 4479 916 4538 st
950 4473 1103 4540 omnibus
1126 4476 1200 4541 aliis
1223 4478 1330 4556 rebus,

282 4577 499 4652 libertatibus,
533 4583 567 4640 et
602 4574 714 4639 liberis
751 4576 1044 4643 consuetudinibus
1081 4579 1123 4644 ad
1156 4583 1329 4666 praedictas

282 4691 384 4744 terras
406 4679 447 4744 de
470 4677 625 4743 Westone
657 4677 912 4762 pertinentibus,
935 4685 970 4744 et
1002 4701 1078 4746 eum
1113 4682 1330 4748 advocatione

282 4781 423 4848 eeclesiae
455 4781 495 4846 de
519 4779 685 4856 Westone,
707 4780 865 4866 praedicto
897 4783 1054 4868 magistro
1090 4783 1276 4872 Radulpho‚
1297 4792 1331 4853 et
