3526 5810
457 871 522 938 270
710 888 908 937 airammum
932 889 1252 940 Mirrrmnumnuan

457 1079 492 1137 ot
529 1074 649 1140 croftas
682 1075 763 1140 Evae
795 1077 836 1140 de
870 1077 903 1142 la
930 1077 1035 1142 Merse
1068 1079 1103 1142 in
1126 1085 1222 1164 parte
1256 1071 1451 1164 aquilonari,
1474 1081 1510 1140 et

455 1176 543 1261 ipsas
574 1181 677 1242 terrae
710 1178 868 1244 claudant
899 1186 934 1244 et
966 1179 1003 1244 in
1039 1180 1175 1247 defenso
1212 1185 1350 1246 teneant
1386 1180 1508 1265 imper-

453 1284 600 1363 petuum.
648 1279 704 1345 Ita
739 1287 852 1346 tamen
890 1281 978 1367 quod
1017 1303 1085 1369 pree
1116 1281 1247 1350 defectu
1270 1282 1447 1348 elauaturae
1470 1282 1508 1344 in

453 1381 620 1466 praedictis
643 1379 739 1448 terris
772 1383 879 1462 faotee,
914 1385 1026 1450 averia
1060 1407 1134 1452 mea
1165 1385 1220 1452 vel
1251 1385 1418 1462 heredum,
1450 1383 1505 1449 vel

454 1484 554 1550 etiam
585 1485 757 1552 hominum
789 1507 944 1564 meorum,
982 1509 1081 1574 super
1103 1489 1280 1575 praedictae
1312 1493 1416 1554 terras
1454 1488 1508 1550 in-

453 1592 555 1653 venta
588 1607 655 1654 non
689 1589 817 1676 possint
854 1589 1053 1675 imparkare,
1091 1611 1153 1657 neo
1183 1591 1312 1676 aliquas
1350 1589 1506 1656 emendas

453 1708 568 1774 onpere
583 1689 638 1755 vel
661 1691 799 1777 exigere.
846 1691 891 1756 Et
913 1691 949 1755 in
983 1691 1210 1757 testimonium
1242 1692 1342 1778 hujus
1376 1712 1506 1758 conoes-

453 1791 554 1855 sionis
577 1812 658 1857 meae
681 1792 743 1858 hoo
764 1792 925 1879 seriptum
947 1793 1070 1859 eisdem
1103 1793 1220 1860 abbati
1253 1800 1289 1859 et
1322 1793 1504 1860 conventui

454 1891 526 1971 ieci,
550 1899 585 1960 et
606 1893 690 1959 illud
712 1893 821 1982 sigillo
844 1916 917 1961 meo
939 1895 1077 1983 signavi.
1124 1897 1201 1963 Hiis
1223 1897 1374 1975 testibus,
1390 1901 1452 1964 eto.

790 2136 869 2203 CAP.
894 2135 1167 2203 OOCLXXXXI.

495 2279 616 2365 Quieto
638 2281 829 2350 oloutonto'o
850 2283 1077 2454 Nm
1095 2284 1132 2351 lu
1154 2284 1248 2350 Hoae
1271 2282 1414 2351 domini
1437 2281 1478 2348 de

289 2531 436 2594 Quitouim
502 2522 675 2589 Universis
699 2524 823 2591 Christi
849 2526 1002 2591 fidelibus
1032 2547 1177 2612 praesens
1200 2526 1362 2613 scriptum
1385 2525 1508 2588 visuris

288 2599 444 2716 fflffffl'
457 2625 509 2689 vel
549 2626 722 2705 audituris,
755 2627 936 2694 Nioholaus
969 2628 1011 2693 de
1048 2628 1081 2693 la
1119 2628 1240 2707 Hueae,
1279 2627 1433 2693 dominus
1467 2626 1508 2690 de

288 2731 445 2783 doneathe
458 2726 625 2806 Roudone,
650 2729 791 2795 salutem
821 2735 980 2797 aeternam
1004 2730 1040 2794 in
1063 2729 1214 2796 Domino.
1261 2729 1404 2796 Noverit
1435 2730 1509 2793 uni-

288 2799 379 2864 my‘
458 2830 595 2896 versitas
618 2835 728 2898 vestra
750 2854 812 2910 me,
827 2854 887 2919 pro
911 2831 1016 2898 salute
1040 2832 1160 2898 animae
1183 2854 1274 2911 meae,
1298 2838 1333 2897 et
1356 2853 1415 2918 pro
1437 2831 1507 2898 ani·

456 2933 572 2997 mabus
594 2933 698 3020 patris
721 2939 755 2998 et
777 2935 893 3000 matris
915 2956 1006 3012 meae,
1030 2941 1066 2999 et
1095 2935 1243 3000 omnium
1266 2940 1508 3000 antecessorum

456 3057 611 3115 meorum
626 3037 789 3102 remisisse
812 3043 846 3103 et
860 3037 1010 3123 quietum
1033 3037 1189 3104 olamaaee
1211 3059 1271 3124 pro
1293 3060 1345 3104 me
1369 3043 1404 3102 et
1418 3037 1509 3102 here·

454 3138 551 3204 dibus
574 3138 665 3216 meis,
688 3145 723 3205 et
756 3139 858 3205 etiam
890 3139 1024 3206 villanis
1057 3139 1150 3219 meis,
1183 3139 1317 3208 domino
1343 3138 1508 3205 Willelmo

456 3244 569 3311 abbati
607 3245 648 3310 de
686 3245 932 3323 Malmesburia,
962 3252 997 3311 et
1034 3245 1181 3332 ejusdam
1220 3246 1284 3312 loti
1321 3245 1510 3322 conventui,

458 3353 561 3413 totam
584 3368 792 3414 eommunam
815 3369 922 3414 meam
947 3369 1048 3434 quam
1081 3348 1185 3415 habui
1218 3349 1444 3435 pertinentem
1467 3349 1510 3414 ad

456 3449 597 3516 liberum
619 3455 845 3515 tenementum
867 3471 977 3517 meum
1012 3451 1053 3517 de
1085 3451 1263 3531 Roudone;
1297 3451 1455 3518 videlieet
1476 3452 1511 3514 in

457 3555 568 3620 deoem
590 3559 624 3619 et
638 3554 745 3619 tribus
767 3555 852 3621 aeris
874 3559 972 3622 terrae
995 3577 1071 3641 quae
1093 3555 1182 3642 ipsos
1204 3555 1359 3620 abbatem
1382 3561 1417 3620 et
1432 3575 1507 3622 oon·

458 3660 596 3721 ventum
619 3656 817 3743 eontingtmt
839 3657 875 3721 in
900 3657 935 3722 la
956 3657 1168 3735 Romaniano,
1191 3657 1229 3721 in
1251 3660 1345 3743 parte
1367 3657 1505 3722 australi

458 3763 493 3822 et
515 3757 666 3824 orientali
700 3758 742 3823 de
772 3758 809 3824 la
833 3757 1014 3846 Groforofte
1044 3759 1084 3824 de
1108 3759 1336 3846 Fouleswyka
1370 3781 1511 3826 unaeum

458 3881 632 3927 oommuna
654 3881 753 3946 quam
785 3860 888 3926 habui
917 3861 954 3925 in
986 3861 1052 3926 illis
1084 3861 1270 3947 quindecim
1301 3861 1385 3928 aeris
1407 3867 1514 3938 tense,

458 3985 532 4049 quae
559 3964 672 4051 jaoent
703 3964 791 4028 inter
821 3963 988 4030 brechiam
1011 3961 1170 4030 Willelmi
1193 3963 1375 4044 Leofstone‚
1399 3969 1434 4030 et
1455 3964 1513 4030 Jo-

458 4064 577 4131 hannis
600 4066 630 4132 le
654 4066 755 4152 King‚
778 4067 814 4130 in
845 4072 940 4152 parte
972 4066 1119 4144 australi,
1143 4073 1178 4132 et
1204 4067 1324 4133 croftas
1357 4067 1439 4132 Evae
1471 4067 1512 4131 de

459 4167 598 4234 Mariano
620 4169 656 4233 in
678 4175 771 4256 parte
794 4169 987 4254 aquilonari,
1011 4175 1044 4234 et
1067 4169 1254 4234 extendunt
1287 4191 1321 4234 se
1353 4169 1388 4233 in
1420 4174 1514 4254 parte

457 4271 610 4336 orientali
633 4293 731 4358 super
753 4276 892 4337 stratam
907 4271 1073 4358 publicam
1089 4293 1163 4358 quae
1175 4271 1362 4358 appellatur
1384 4270 1507 4337 Bathe-

457 4395 559 4460 weye,
574 4375 611 4438 in
633 4379 727 4461 parte
747 4373 941 4440 oooidentuli
957 4395 1056 4460 super
1078 4372 1197 4440 silvam
1214 4371 1351 4440 Roberti
1369 4373 1514 4460 Knynel,

459 4483 493 4542 et
514 4477 603 4564 ipsas
626 4482 730 4542 terras
751 4476 910 4543 claudant
940 4480 975 4541 et
1008 4475 1044 4539 in
1075 4475 1211 4542 defenso
1233 4480 1371 4541 teneant
1393 4475 1515 4562 imper-

457 4563 627 4667 potuum.¹
682 4579 737 4644 Ita
759 4583 871 4646 tamen
895 4578 985 4666 quod
1014 4600 1082 4664 prae
1114 4577 1246 4646 defectu
1268 4577 1444 4645 olausturse
1479 4580 1516 4643 in

456 4683 625 4770 praediotis
647 4683 743 4748 terris
775 4681 881 4759 faotae,
915 4680 1029 4746 averia
1062 4701 1136 4746 mea
1157 4680 1212 4746 vel
1245 4680 1404 4746 heredum
1428 4703 1516 4747 meo-

456 4808 539 4864 rum,
573 4785 628 4851 vel
660 4786 762 4851 etiam
784 4784 986 4852 villanorum
1021 4803 1179 4862 meorum,
1210 4803 1311 4872 super
1339 4785 1516 4870 praedictas
