3526 5810
427 875 493 940 314
679 891 878 942 accuratu
902 891 1225 944 naumacmrarsn

425 1075 626 1140 remissionis
660 1083 695 1140 et
728 1077 850 1162 quiete
882 1077 1070 1144 clamantiae
1102 1100 1193 1156 meae,
1227 1078 1290 1145 hoc
1321 1079 1481 1166 scriptum

425 1178 548 1244 eisdem
570 1178 685 1243 abbati
709 1186 743 1243 et
777 1182 958 1246 conventui
990 1181 1065 1256 feci,
1089 1188 1124 1246 et
1157 1183 1240 1247 illud
1275 1183 1386 1268 sigillo
1408 1205 1480 1247 meo

424 1279 563 1364 signavi.
611 1279 687 1343 Hiis
711 1281 862 1345 testibus

762 1489 843 1554 Car.
867 1489 1147 1554 CCCCXXXIII.

372 1579 376 1586 ⁸
449 1613 553 1680 Carta
576 1614 751 1680 Jolruuuis
765 1615 843 1701 filii
865 1616 1040 1682 Jotannts
1062 1616 1092 1680 le
1121 1617 1217 1701 Longi
1239 1615 1279 1681 de
1302 1615 1455 1682 torraclo

872 1718 1050 1784 ibicuude.

258 1868 380 1920 Grantro
470 1845 585 1909 Sciant
607 1851 785 1930 praesentes
807 1851 842 1910 et
865 1845 970 1910 futuri
995 1845 1083 1931 quod
1106 1868 1167 1932 ego
1189 1844 1368 1921 Johannes,
1390 1844 1478 1910 filius

256 1935 392 2001 mlle!
424 1949 590 2034 quondam
624 1949 789 2014 Johannis
823 1949 854 2014 le
878 1950 971 2036 Long
1005 1950 1046 2014 de
1069 1950 1255 2022 Thicwode,
1278 1951 1422 2016 concessi
1445 1957 1478 2014 et

256 2001 379 2118 lldlddl
424 2053 624 2126 confirmavi,
657 2075 716 2136 pro
750 2074 803 2116 me
835 2058 870 2116 et
901 2051 1078 2116 heredibus
1112 2053 1194 2116 meis
1224 2053 1478 2137 imperpetuum,

256 2135 368 2260 ”roffi
427 2151 496 2216 Deo
527 2157 561 2216 et
595 2152 738 2216 ecclesiae
772 2153 887 2218 Sancti
922 2153 1068 2217 Aldelmi
1102 2153 1144 2217 de
1167 2152 1410 2228 Malmesburia,
1446 2159 1478 2216 et

257 2265 373 2317 (clerae.
425 2254 559 2318 domino
583 2254 748 2319 Willelmo
771 2255 895 2330 abbati,
919 2261 953 2320 et
976 2254 1146 2321 monachis
1169 2254 1293 2320 ibidem
1317 2256 1389 2320 Deo
1412 2278 1477 2320 ser-

426 2358 603 2432 viantibus,
636 2357 783 2422 ‹lunum¹
807 2357 890 2421 illud
914 2357 1002 2442 quod
1036 2357 1213 2443 praedictus
1236 2357 1406 2423 Johannes
1438 2359 1478 2422 de

426 2461 527 2546 long,
549 2467 643 2545 pater
667 2482 767 2534 meua,
791 2459 914 2524 eisdem
937 2460 1027 2536 fecit,
1052 2461 1093 2524 de
1117 2461 1214 2524 terris
1230 2466 1265 2525 et
1280 2463 1477 2525 tenementis

423 2584 498 2627 cum
523 2563 675 2626 omnibus
698 2562 766 2625 suis
789 2562 1000 2646 pertinentiis
1023 2562 1059 2624 in
1083 2561 1266 2628 Thicwode.
1314 2563 1368 2627 Ita
1391 2562 1477 2648 quod

423 2685 484 2729 nec
507 2686 566 2748 ego
590 2687 649 2728 nec
671 2663 791 2748 aliquis
814 2663 972 2728 heredum
990 2664 1042 2728 vel
1066 2666 1308 2749 assignatorum
1332 2686 1476 2729 meorum

423 2765 557 2850 aliquod
575 2766 632 2850 jus
648 2765 700 2829 vel
724 2764 878 2829 clamium
902 2765 938 2829 in
961 2765 1128 2850 praedictis
1151 2765 1256 2842 terris,
1271 2767 1477 2843 tenementis,

424 2868 478 2930 vel
511 2867 678 2951 aliquibus
712 2867 780 2930 suis
804 2867 1024 2950 pertinentiis
1057 2866 1169 2953 aliquo
1204 2873 1350 2953 tompore
1383 2868 1476 2933 nobis

425 2970 555 3054 exigere
589 2969 641 3032 vel
665 2968 840 3033 vendicare
873 2970 1043 3055 possimus
1091 2970 1157 3035 Sed
1190 2971 1341 3056 praedicti
1373 2970 1475 3034 abbas

425 3078 460 3136 et
482 3079 663 3136 conventus
686 3075 854 3136 eteorum
886 3093 1085 3137 successores
1107 3071 1253 3138 habeant
1275 3079 1310 3138 et
1342 3079 1477 3138 teneant

426 3195 538 3238 omnes
561 3179 665 3238 terras
689 3179 723 3237 et
754 3179 946 3238 tenementa
968 3196 1043 3238 cum
1078 3174 1231 3238 omnibus
1265 3175 1476 3260 pertinentiis

425 3276 493 3339 suis
527 3277 562 3338 in
594 3274 769 3338 Thicwode
804 3275 891 3338 infra
924 3274 1110 3360 parochiam
1146 3275 1186 3339 de
1223 3275 1372 3352 Colerna,
1406 3276 1476 3340 sine

424 3377 536 3462 aliqua
567 3377 835 3453 contradictione,
867 3377 1098 3442 reclamatione
1123 3378 1176 3442 vel
1200 3379 1376 3442 vexatione
1412 3379 1476 3442 mei

423 3480 479 3544 vel
501 3479 658 3544 heredum
683 3479 736 3543 vel
769 3479 1012 3566 assignatorum
1045 3501 1191 3544 meorum
1225 3481 1475 3566 imperpetuum.

425 3581 469 3645 Et
492 3582 520 3645 si
543 3604 603 3667 ego
626 3587 741 3646 contra
763 3579 849 3646 hanc
872 3583 1112 3646 concessionem
1128 3587 1164 3645 et
1186 3581 1476 3658 confirmationem,

423 3685 597 3770 praedictos
629 3684 783 3748 abbatem
807 3689 841 3747 et
875 3689 1075 3747 conventum
1108 3684 1149 3748 de
1172 3684 1340 3768 praedictis
1372 3686 1475 3762 terrie,

423 3786 629 3862 tenementis,
647 3787 699 3850 vel
715 3787 882 3871 aliquibus
898 3786 972 3850 aliis
995 3787 1093 3851 rebus
1108 3787 1150 3851 ad
1174 3787 1349 3872 praedictas
1372 3795 1477 3852 terras

424 3894 458 3952 et
481 3893 671 3952 tenemento
694 3888 734 3952 de
758 3888 935 3953 Thicwode
959 3889 1204 3972 pertinentibus
1227 3888 1477 3974 implacitavero

424 3991 477 4056 vel
511 3991 750 4074 inquietavero,
773 3989 849 4054 volo
872 3989 961 4074 quod
985 3996 1107 4056 extunc
1136 3997 1241 4055 cesset
1263 3991 1397 4056 omnino
1420 4013 1477 4056 ex·

423 4091 554 4168 hibiti0,
577 4093 612 4155 in
637 4115 703 4177 qua
735 4093 800 4178 ipsi
823 4092 926 4156 abbas
949 4099 984 4156 et
1006 4098 1190 4157 conventus
1213 4093 1296 4156 mihi
1320 4099 1479 4157 tenentur

423 4217 482 4280 per
519 4195 686 4279 quandam
725 4201 851 4258 cartam
889 4195 972 4258 mihi
1020 4194 1063 4258 ab
1111 4194 1235 4258 eisdem
1284 4194 1405 4258 abbate
1442 4201 1477 4258 et

393 4304 588 4370 ,conventu
620 4297 811 4362 confectam.
873 4295 917 4360 Et
950 4297 985 4359 in
1018 4295 1245 4360 testimonium
1276 4295 1378 4380 hujus
1400 4316 1477 4360 con·

422 4399 577 4463 cessionis
600 4405 634 4464 et
656 4399 915 4462 confirmationis
950 4421 1041 4474 meae,
1074 4399 1134 4462 hoc
1168 4397 1327 4482 scriptum
1352 4397 1476 4462 eisdem

422 4500 535 4565 abbati
568 4507 602 4565 et
624 4501 803 4566 conventui
827 4500 897 4578 leci,
921 4505 955 4564 et
989 4499 1072 4564 illud
1095 4497 1205 4584 sigillo
1227 4519 1300 4564 meo
1334 4498 1475 4583 signavi.

422 4604 500 4668 Hiis
522 4604 670 4669 testibus

837 4769 928 4775 -----
978 4767 1134 4774 --—-.---—
1153 4769 1196 4773 .—-
1224 4767 1344 4774 ---..—
1358 4767 1468 4774 -...--.-

772 4851 779 4886 ¹
791 4851 892 4918 donum]
908 4853 1019 4914 domum,
1031 4851 1057 4902 in
1069 4851 1126 4904 MS.
