<?xml version="1.0" encoding="UTF-8"?>
<!DOCTYPE html PUBLIC "-//W3C//DTD XHTML 1.0 Transitional//EN"
    "http://www.w3.org/TR/xhtml1/DTD/xhtml1-transitional.dtd">
<html xmlns="http://www.w3.org/1999/xhtml" xml:lang="en" lang="en">
 <head>
  <title>
</title>
<meta http-equiv="Content-Type" content="text/html;charset=utf-8" />
  <meta name='ocr-system' content='tesseract 3.04.00' />
  <meta name='ocr-capabilities' content='ocr_page ocr_carea ocr_par ocr_line ocrx_word'/>
</head>
<body>
  <div class='ocr_page' id='page_1' title='image "./registrummalmes00martgoog_0195.png"; bbox 0 0 3578 5808; ppageno 0'>
   <div class='ocr_carea' id='block_1_1' title="bbox 1220 0 1724 1">
    <p class='ocr_par' dir='ltr' id='par_1_1' title="bbox 1220 0 1724 1">
     <span class='ocr_line' id='line_1_1' title="bbox 1220 0 1724 1; baseline 0 0"><span class='ocrx_word' id='word_1_1' title='bbox 1220 0 1724 1; x_wconf 95' lang='lat' dir='ltr'><strong> </strong></span> 
     </span>
    </p>
   </div>
   <div class='ocr_carea' id='block_1_2' title="bbox 543 905 1338 974">
    <p class='ocr_par' dir='ltr' id='par_1_2' title="bbox 543 905 1338 974">
     <span class='ocr_line' id='line_1_2' title="bbox 543 905 1338 974; baseline 0.001 -2"><span class='ocrx_word' id='word_1_2' title='bbox 543 917 742 974; x_wconf 76' lang='lat' dir='ltr'><strong>susurrum</strong></span> <span class='ocrx_word' id='word_1_3' title='bbox 765 917 1089 972; x_wconf 78' lang='lat' dir='ltr'><strong>umuussuurarsa</strong></span> <span class='ocrx_word' id='word_1_4' title='bbox 1276 905 1338 973; x_wconf 87' lang='lat'><strong>101</strong></span> 
     </span>
    </p>
   </div>
   <div class='ocr_carea' id='block_1_3' title="bbox 221 1111 1346 2718">
    <p class='ocr_par' dir='ltr' id='par_1_3' title="bbox 221 1111 1345 2328">
     <span class='ocr_line' id='line_1_3' title="bbox 291 1111 1332 1200; baseline 0.002 -24"><span class='ocrx_word' id='word_1_5' title='bbox 291 1111 454 1178; x_wconf 73' lang='lat' dir='ltr'><strong>omnibus-</strong></span> <span class='ocrx_word' id='word_1_6' title='bbox 473 1111 548 1178; x_wconf 86' lang='lat' dir='ltr'><strong>aliis</strong></span> <span class='ocrx_word' id='word_1_7' title='bbox 570 1113 658 1191; x_wconf 89' lang='lat' dir='ltr'><strong>locis,</strong></span> <span class='ocrx_word' id='word_1_8' title='bbox 681 1114 717 1178; x_wconf 90' lang='lat' dir='ltr'><strong>in</strong></span> <span class='ocrx_word' id='word_1_9' title='bbox 739 1113 902 1200; x_wconf 74' lang='lat' dir='ltr'><strong>homagiis</strong></span> <span class='ocrx_word' id='word_1_10' title='bbox 926 1119 960 1179; x_wconf 89' lang='lat' dir='ltr'><strong>et</strong></span> <span class='ocrx_word' id='word_1_11' title='bbox 982 1113 1130 1180; x_wconf 87' lang='lat' dir='ltr'><strong>serviciis</strong></span> <span class='ocrx_word' id='word_1_12' title='bbox 1153 1113 1332 1179; x_wconf 90' lang='lat' dir='ltr'><strong>liberorum</strong></span> 
     </span>
     <span class='ocr_line' id='line_1_4' title="bbox 291 1212 1340 1293; baseline 0.002 -15"><span class='ocrx_word' id='word_1_13' title='bbox 291 1212 471 1293; x_wconf 90' lang='lat' dir='ltr'><strong>hominum,</strong></span> <span class='ocrx_word' id='word_1_14' title='bbox 494 1220 529 1282; x_wconf 88' lang='lat' dir='ltr'><strong>et</strong></span> <span class='ocrx_word' id='word_1_15' title='bbox 562 1216 598 1280; x_wconf 90' lang='lat' dir='ltr'><strong>in</strong></span> <span class='ocrx_word' id='word_1_16' title='bbox 621 1217 828 1283; x_wconf 86' lang='lat' dir='ltr'><strong>molendino:</strong></span> <span class='ocrx_word' id='word_1_17' title='bbox 861 1216 1061 1282; x_wconf 89' lang='lat' dir='ltr'><strong>Habendum</strong></span> <span class='ocrx_word' id='word_1_18' title='bbox 1094 1221 1129 1282; x_wconf 91' lang='lat' dir='ltr'><strong>et</strong></span> <span class='ocrx_word' id='word_1_19' title='bbox 1160 1216 1340 1282; x_wconf 88' lang='lat' dir='ltr'><strong>tenendum</strong></span> 
     </span>
     <span class='ocr_line' id='line_1_5' title="bbox 286 1315 1337 1400; baseline 0.003 -20"><span class='ocrx_word' id='word_1_20' title='bbox 286 1315 361 1400; x_wconf 91' lang='lat' dir='ltr'><strong>jure</strong></span> <span class='ocrx_word' id='word_1_21' title='bbox 393 1316 594 1384; x_wconf 83' lang='lat' dir='ltr'><strong>hereditario</strong></span> <span class='ocrx_word' id='word_1_22' title='bbox 635 1319 675 1384; x_wconf 91' lang='lat' dir='ltr'><strong>de</strong></span> <span class='ocrx_word' id='word_1_23' title='bbox 710 1341 763 1384; x_wconf 89' lang='lat' dir='ltr'><strong>me</strong></span> <span class='ocrx_word' id='word_1_24' title='bbox 794 1324 829 1386; x_wconf 89' lang='lat' dir='ltr'><strong>et</strong></span> <span class='ocrx_word' id='word_1_25' title='bbox 866 1318 1043 1384; x_wconf 88' lang='lat' dir='ltr'><strong>heredibus</strong></span> <span class='ocrx_word' id='word_1_26' title='bbox 1081 1319 1171 1397; x_wconf 86' lang='lat' dir='ltr'><strong>meis,</strong></span> <span class='ocrx_word' id='word_1_27' title='bbox 1204 1319 1268 1384; x_wconf 88' lang='lat' dir='ltr'><strong>sibi</strong></span> <span class='ocrx_word' id='word_1_28' title='bbox 1303 1324 1337 1384; x_wconf 92' lang='lat' dir='ltr'><strong>et</strong></span> 
     </span>
     <span class='ocr_line' id='line_1_6' title="bbox 289 1417 1338 1507; baseline 0.003 -25"><span class='ocrx_word' id='word_1_29' title='bbox 289 1417 464 1485; x_wconf 89' lang='lat' dir='ltr'><strong>heredibus</strong></span> <span class='ocrx_word' id='word_1_30' title='bbox 486 1421 563 1499; x_wconf 83' lang='lat' dir='ltr'><strong>suis,</strong></span> <span class='ocrx_word' id='word_1_31' title='bbox 588 1427 623 1486; x_wconf 87' lang='lat' dir='ltr'><strong>et</strong></span> <span class='ocrx_word' id='word_1_32' title='bbox 644 1421 698 1486; x_wconf 85' lang='lat' dir='ltr'><strong>cui</strong></span> <span class='ocrx_word' id='word_1_33' title='bbox 720 1421 776 1487; x_wconf 89' lang='lat' dir='ltr'><strong>vel</strong></span> <span class='ocrx_word' id='word_1_34' title='bbox 799 1421 918 1507; x_wconf 90' lang='lat' dir='ltr'><strong>quibus</strong></span> <span class='ocrx_word' id='word_1_35' title='bbox 948 1442 1020 1486; x_wconf 84' lang='lat' dir='ltr'><strong>eam</strong></span> <span class='ocrx_word' id='word_1_36' title='bbox 1042 1421 1079 1485; x_wconf 90' lang='lat' dir='ltr'><strong>in</strong></span> <span class='ocrx_word' id='word_1_37' title='bbox 1105 1422 1178 1486; x_wconf 87' lang='lat' dir='ltr'><strong>vita</strong></span> <span class='ocrx_word' id='word_1_38' title='bbox 1199 1443 1261 1487; x_wconf 89' lang='lat' dir='ltr'><strong>sua</strong></span> <span class='ocrx_word' id='word_1_39' title='bbox 1283 1421 1338 1486; x_wconf 89' lang='lat' dir='ltr'><strong>vel</strong></span> 
     </span>
     <span class='ocr_line' id='line_1_7' title="bbox 291 1519 1343 1610; baseline 0.004 -25"><span class='ocrx_word' id='word_1_40' title='bbox 291 1519 326 1585; x_wconf 88' lang='lat' dir='ltr'><strong>in</strong></span> <span class='ocrx_word' id='word_1_41' title='bbox 360 1526 560 1590; x_wconf 88' lang='lat' dir='ltr'><strong>testamento</strong></span> <span class='ocrx_word' id='word_1_42' title='bbox 592 1522 723 1601; x_wconf 86' lang='lat' dir='ltr'><strong>donare,</strong></span> <span class='ocrx_word' id='word_1_43' title='bbox 752 1525 928 1610; x_wconf 84' lang='lat' dir='ltr'><strong>assignare,</strong></span> <span class='ocrx_word' id='word_1_44' title='bbox 952 1524 1005 1590; x_wconf 90' lang='lat' dir='ltr'><strong>vel</strong></span> <span class='ocrx_word' id='word_1_45' title='bbox 1038 1524 1146 1610; x_wconf 84' lang='lat' dir='ltr'><strong>legare</strong></span> <span class='ocrx_word' id='word_1_46' title='bbox 1178 1524 1214 1588; x_wconf 89' lang='lat' dir='ltr'><strong>in</strong></span> <span class='ocrx_word' id='word_1_47' title='bbox 1248 1523 1343 1589; x_wconf 86' lang='lat' dir='ltr'><strong>feodo</strong></span> 
     </span>
     <span class='ocr_line' id='line_1_8' title="bbox 290 1621 1345 1713; baseline 0.006 -29"><span class='ocrx_word' id='word_1_48' title='bbox 290 1621 441 1703; x_wconf 89' lang='lat' dir='ltr'><strong>voluerit,</strong></span> <span class='ocrx_word' id='word_1_49' title='bbox 478 1625 587 1705; x_wconf 90' lang='lat' dir='ltr'><strong>libere,</strong></span> <span class='ocrx_word' id='word_1_50' title='bbox 623 1627 741 1713; x_wconf 88' lang='lat' dir='ltr'><strong>quiete,</strong></span> <span class='ocrx_word' id='word_1_51' title='bbox 774 1647 849 1693; x_wconf 88' lang='lat' dir='ltr'><strong>eum</strong></span> <span class='ocrx_word' id='word_1_52' title='bbox 882 1626 1034 1692; x_wconf 90' lang='lat' dir='ltr'><strong>omnibus</strong></span> <span class='ocrx_word' id='word_1_53' title='bbox 1067 1625 1277 1712; x_wconf 76' lang='lat' dir='ltr'><strong>pertinentiis</strong></span> <span class='ocrx_word' id='word_1_54' title='bbox 1311 1632 1345 1691; x_wconf 88' lang='lat' dir='ltr'><strong>et</strong></span> 
     </span>
     <span class='ocr_line' id='line_1_9' title="bbox 290 1724 1342 1814; baseline 0.005 -26"><span class='ocrx_word' id='word_1_55' title='bbox 290 1724 509 1806; x_wconf 80' lang='lat' dir='ltr'><strong>libertatibus,</strong></span> <span class='ocrx_word' id='word_1_56' title='bbox 540 1751 600 1814; x_wconf 90' lang='lat' dir='ltr'><strong>per</strong></span> <span class='ocrx_word' id='word_1_57' title='bbox 632 1728 809 1796; x_wconf 78' lang='lat' dir='ltr'><strong>servicium</strong></span> <span class='ocrx_word' id='word_1_58' title='bbox 834 1734 960 1795; x_wconf 80' lang='lat' dir='ltr'><strong>octavae</strong></span> <span class='ocrx_word' id='word_1_59' title='bbox 983 1729 1088 1814; x_wconf 88' lang='lat' dir='ltr'><strong>partis</strong></span> <span class='ocrx_word' id='word_1_60' title='bbox 1119 1727 1210 1794; x_wconf 86' lang='lat' dir='ltr'><strong>feudi</strong></span> <span class='ocrx_word' id='word_1_61' title='bbox 1242 1727 1342 1793; x_wconf 85' lang='lat' dir='ltr'><strong>unius</strong></span> 
     </span>
     <span class='ocr_line' id='line_1_10' title="bbox 290 1826 1343 1918; baseline 0.002 -26"><span class='ocrx_word' id='word_1_62' title='bbox 290 1826 415 1894; x_wconf 89' lang='lat' dir='ltr'><strong>militis.</strong></span> <span class='ocrx_word' id='word_1_63' title='bbox 477 1830 522 1896; x_wconf 86' lang='lat' dir='ltr'><strong>Et</strong></span> <span class='ocrx_word' id='word_1_64' title='bbox 559 1851 620 1918; x_wconf 91' lang='lat' dir='ltr'><strong>ego</strong></span> <span class='ocrx_word' id='word_1_65' title='bbox 662 1832 772 1898; x_wconf 83' lang='lat' dir='ltr'><strong>dictus</strong></span> <span class='ocrx_word' id='word_1_66' title='bbox 805 1830 993 1898; x_wconf 89' lang='lat' dir='ltr'><strong>Willelmus</strong></span> <span class='ocrx_word' id='word_1_67' title='bbox 1031 1836 1066 1896; x_wconf 89' lang='lat' dir='ltr'><strong>et</strong></span> <span class='ocrx_word' id='word_1_68' title='bbox 1102 1830 1241 1896; x_wconf 90' lang='lat' dir='ltr'><strong>heredes</strong></span> <span class='ocrx_word' id='word_1_69' title='bbox 1277 1830 1343 1896; x_wconf 89' lang='lat' dir='ltr'><strong>mei</strong></span> 
     </span>
     <span class='ocr_line' id='line_1_11' title="bbox 290 1931 1345 2010; baseline 0.003 -16"><span class='ocrx_word' id='word_1_70' title='bbox 290 1931 590 2010; x_wconf 74' lang='lat' dir='ltr'><strong>warantizabimus,</strong></span> <span class='ocrx_word' id='word_1_71' title='bbox 613 1933 905 2000; x_wconf 81' lang='lat' dir='ltr'><strong>manutenebimus</strong></span> <span class='ocrx_word' id='word_1_72' title='bbox 927 1938 963 1999; x_wconf 88' lang='lat' dir='ltr'><strong>et</strong></span> <span class='ocrx_word' id='word_1_73' title='bbox 995 1931 1211 1998; x_wconf 89' lang='lat' dir='ltr'><strong>defendemus</strong></span> <span class='ocrx_word' id='word_1_74' title='bbox 1233 1932 1345 1998; x_wconf 88' lang='lat' dir='ltr'><strong>omnia</strong></span> 
     </span>
     <span class='ocr_line' id='line_1_12' title="bbox 221 2035 1345 2122; baseline 0 -22"><span class='ocrx_word' id='word_1_75' title='bbox 221 2077 226 2088; x_wconf 83' lang='lat'><em>·</em></span> <span class='ocrx_word' id='word_1_76' title='bbox 290 2035 530 2120; x_wconf 82' lang='lat' dir='ltr'><strong>praenominata</strong></span> <span class='ocrx_word' id='word_1_77' title='bbox 552 2057 627 2102; x_wconf 91' lang='lat' dir='ltr'><strong>cum</strong></span> <span class='ocrx_word' id='word_1_78' title='bbox 650 2036 860 2122; x_wconf 82' lang='lat' dir='ltr'><strong>pertinentiis</strong></span> <span class='ocrx_word' id='word_1_79' title='bbox 882 2037 959 2114; x_wconf 71' lang='lat' dir='ltr'><strong>suis</strong></span> <span class='ocrx_word' id='word_1_80' title='bbox 982 2058 1041 2122; x_wconf 85' lang='lat' dir='ltr'><strong>per</strong></span> <span class='ocrx_word' id='word_1_81' title='bbox 1063 2035 1256 2122; x_wconf 84' lang='lat' dir='ltr'><strong>praedictum</strong></span> <span class='ocrx_word' id='word_1_82' title='bbox 1279 2057 1345 2101; x_wconf 89' lang='lat' dir='ltr'><strong>ser·</strong></span> 
     </span>
     <span class='ocr_line' id='line_1_13' title="bbox 292 2137 1345 2224; baseline 0.002 -24"><span class='ocrx_word' id='word_1_83' title='bbox 292 2137 414 2203; x_wconf 90' lang='lat' dir='ltr'><strong>vicium</strong></span> <span class='ocrx_word' id='word_1_84' title='bbox 437 2137 526 2204; x_wconf 87' lang='lat' dir='ltr'><strong>dieto</strong></span> <span class='ocrx_word' id='word_1_85' title='bbox 549 2137 698 2205; x_wconf 88' lang='lat' dir='ltr'><strong>Johanni</strong></span> <span class='ocrx_word' id='word_1_86' title='bbox 722 2144 757 2203; x_wconf 90' lang='lat' dir='ltr'><strong>et</strong></span> <span class='ocrx_word' id='word_1_87' title='bbox 780 2138 958 2204; x_wconf 85' lang='lat' dir='ltr'><strong>heredibus</strong></span> <span class='ocrx_word' id='word_1_88' title='bbox 982 2139 1050 2203; x_wconf 90' lang='lat' dir='ltr'><strong>suis</strong></span> <span class='ocrx_word' id='word_1_89' title='bbox 1074 2138 1128 2204; x_wconf 88' lang='lat' dir='ltr'><strong>vel</strong></span> <span class='ocrx_word' id='word_1_90' title='bbox 1151 2138 1219 2204; x_wconf 87' lang='lat' dir='ltr'><strong>suis</strong></span> <span class='ocrx_word' id='word_1_91' title='bbox 1243 2138 1345 2224; x_wconf 83' lang='lat' dir='ltr'><strong>assig-</strong></span> 
     </span>
     <span class='ocr_line' id='line_1_14' title="bbox 292 2239 955 2328; baseline 0.005 -24"><span class='ocrx_word' id='word_1_92' title='bbox 292 2240 389 2320; x_wconf 89' lang='lat' dir='ltr'><strong>natis,</strong></span> <span class='ocrx_word' id='word_1_93' title='bbox 413 2246 529 2307; x_wconf 90' lang='lat' dir='ltr'><strong>contra</strong></span> <span class='ocrx_word' id='word_1_94' title='bbox 551 2261 663 2307; x_wconf 91' lang='lat' dir='ltr'><strong>omnes</strong></span> <span class='ocrx_word' id='word_1_95' title='bbox 685 2246 800 2328; x_wconf 87' lang='lat' dir='ltr'><strong>gentes</strong></span> <span class='ocrx_word' id='word_1_96' title='bbox 824 2239 955 2328; x_wconf 88' lang='lat' dir='ltr'><strong>ubique.</strong></span> 
     </span>
    </p>

    <p class='ocr_par' dir='ltr' id='par_1_4' title="bbox 292 2342 1346 2718">
     <span class='ocr_line' id='line_1_15' title="bbox 337 2342 1343 2422; baseline 0.001 -15"><span class='ocrx_word' id='word_1_97' title='bbox 337 2343 381 2407; x_wconf 85' lang='lat' dir='ltr'><strong>Et</strong></span> <span class='ocrx_word' id='word_1_98' title='bbox 403 2349 443 2410; x_wconf 89' lang='lat' dir='ltr'><strong>ut</strong></span> <span class='ocrx_word' id='word_1_99' title='bbox 474 2343 545 2411; x_wconf 85' lang='lat' dir='ltr'><strong>haec</strong></span> <span class='ocrx_word' id='word_1_100' title='bbox 576 2366 651 2410; x_wconf 89' lang='lat' dir='ltr'><strong>mea</strong></span> <span class='ocrx_word' id='word_1_101' title='bbox 688 2343 834 2422; x_wconf 68' lang='lat' dir='ltr'><strong>donatio</strong></span> <span class='ocrx_word' id='word_1_102' title='bbox 857 2342 1021 2410; x_wconf 80' lang='lat' dir='ltr'><strong>concessio</strong></span> <span class='ocrx_word' id='word_1_103' title='bbox 1062 2348 1096 2409; x_wconf 89' lang='lat' dir='ltr'><strong>et</strong></span> <span class='ocrx_word' id='word_1_104' title='bbox 1134 2343 1343 2409; x_wconf 87' lang='lat' dir='ltr'><strong>confirmatio</strong></span> 
     </span>
     <span class='ocr_line' id='line_1_16' title="bbox 294 2445 1346 2533; baseline 0.003 -24"><span class='ocrx_word' id='word_1_105' title='bbox 294 2445 388 2510; x_wconf 85' lang='lat' dir='ltr'><strong>firma</strong></span> <span class='ocrx_word' id='word_1_106' title='bbox 422 2445 467 2511; x_wconf 86' lang='lat' dir='ltr'><strong>sit</strong></span> <span class='ocrx_word' id='word_1_107' title='bbox 499 2451 533 2512; x_wconf 90' lang='lat' dir='ltr'><strong>et</strong></span> <span class='ocrx_word' id='word_1_108' title='bbox 568 2445 698 2512; x_wconf 86' lang='lat' dir='ltr'><strong>stabilis</strong></span> <span class='ocrx_word' id='word_1_109' title='bbox 734 2450 929 2532; x_wconf 88' lang='lat' dir='ltr'><strong>permaneat</strong></span> <span class='ocrx_word' id='word_1_110' title='bbox 959 2447 1215 2533; x_wconf 84' lang='lat' dir='ltr'><strong>imperpetuum,</strong></span> <span class='ocrx_word' id='word_1_111' title='bbox 1259 2446 1346 2512; x_wconf 83' lang='lat' dir='ltr'><strong>hano</strong></span> 
     </span>
     <span class='ocr_line' id='line_1_17' title="bbox 292 2548 1346 2636; baseline 0.001 -22"><span class='ocrx_word' id='word_1_112' title='bbox 292 2549 463 2634; x_wconf 84' lang='lat' dir='ltr'><strong>praesentis</strong></span> <span class='ocrx_word' id='word_1_113' title='bbox 486 2548 600 2636; x_wconf 86' lang='lat' dir='ltr'><strong>scripti</strong></span> <span class='ocrx_word' id='word_1_114' title='bbox 624 2550 841 2616; x_wconf 88' lang='lat' dir='ltr'><strong>annotatione</strong></span> <span class='ocrx_word' id='word_1_115' title='bbox 865 2554 899 2614; x_wconf 86' lang='lat' dir='ltr'><strong>et</strong></span> <span class='ocrx_word' id='word_1_116' title='bbox 922 2548 1025 2635; x_wconf 84' lang='lat' dir='ltr'><strong>sigilli</strong></span> <span class='ocrx_word' id='word_1_117' title='bbox 1049 2549 1114 2615; x_wconf 87' lang='lat' dir='ltr'><strong>mei</strong></span> <span class='ocrx_word' id='word_1_118' title='bbox 1129 2548 1346 2636; x_wconf 85' lang='lat' dir='ltr'><strong>appositione,</strong></span> 
     </span>
     <span class='ocr_line' id='line_1_18' title="bbox 292 2649 629 2718; baseline 0.006 -4"><span class='ocrx_word' id='word_1_119' title='bbox 292 2649 375 2716; x_wconf 82' lang='lat' dir='ltr'><strong>duxi</strong></span> <span class='ocrx_word' id='word_1_120' title='bbox 400 2651 629 2718; x_wconf 88' lang='lat' dir='ltr'><strong>roborandam.</strong></span> 
     </span>
    </p>
   </div>
   <div class='ocr_carea' id='block_1_4' title="bbox 668 2866 985 2936">
    <p class='ocr_par' dir='ltr' id='par_1_5' title="bbox 668 2866 985 2936">
     <span class='ocr_line' id='line_1_19' title="bbox 668 2866 985 2936; baseline 0 -2"><span class='ocrx_word' id='word_1_121' title='bbox 668 2866 746 2934; x_wconf 76' lang='lat' dir='ltr'><strong>One.</strong></span> <span class='ocrx_word' id='word_1_122' title='bbox 772 2866 985 2936; x_wconf 80' lang='lat' dir='ltr'><strong>ooxxxlx.</strong></span> 
     </span>
    </p>
   </div>
   <div class='ocr_carea' id='block_1_5' title="bbox 293 3019 1345 3110">
    <p class='ocr_par' dir='ltr' id='par_1_6' title="bbox 293 3019 1345 3110">
     <span class='ocr_line' id='line_1_20' title="bbox 293 3019 1345 3110; baseline 0.003 -23"><span class='ocrx_word' id='word_1_123' title='bbox 293 3020 400 3092; x_wconf 75' lang='lat' dir='ltr'><strong>Carta</strong></span> <span class='ocrx_word' id='word_1_124' title='bbox 422 3019 572 3110; x_wconf 78' lang='lat' dir='ltr'><strong>ejusdcm</strong></span> <span class='ocrx_word' id='word_1_125' title='bbox 597 3019 768 3089; x_wconf 79' lang='lat' dir='ltr'><strong>Jobauois</strong></span> <span class='ocrx_word' id='word_1_126' title='bbox 789 3019 888 3108; x_wconf 81' lang='lat' dir='ltr'><strong>foetu</strong></span> <span class='ocrx_word' id='word_1_127' title='bbox 917 3019 1082 3088; x_wconf 67' lang='lat' dir='ltr'><strong>omisca</strong></span> <span class='ocrx_word' id='word_1_128' title='bbox 1105 3019 1145 3088; x_wconf 80' lang='lat' dir='ltr'><strong>dc</strong></span> <span class='ocrx_word' id='word_1_129' title='bbox 1160 3021 1345 3090; x_wconf 80' lang='lat' dir='ltr'><strong>Hoddooc.</strong></span> 
     </span>
    </p>
   </div>
   <div class='ocr_carea' id='block_1_6' title="bbox 274 3173 1492 4911">
    <p class='ocr_par' dir='ltr' id='par_1_7' title="bbox 274 3173 1492 4911">
     <span class='ocr_line' id='line_1_21' title="bbox 341 3173 1445 3292; baseline 0 -48"><span class='ocrx_word' id='word_1_130' title='bbox 341 3175 457 3244; x_wconf 84' lang='lat' dir='ltr'><strong>Sciant</strong></span> <span class='ocrx_word' id='word_1_131' title='bbox 487 3179 669 3263; x_wconf 82' lang='lat' dir='ltr'><strong>praesentes</strong></span> <span class='ocrx_word' id='word_1_132' title='bbox 692 3181 727 3242; x_wconf 87' lang='lat' dir='ltr'><strong>et</strong></span> <span class='ocrx_word' id='word_1_133' title='bbox 757 3173 863 3240; x_wconf 88' lang='lat' dir='ltr'><strong>futuri</strong></span> <span class='ocrx_word' id='word_1_134' title='bbox 895 3175 984 3261; x_wconf 87' lang='lat' dir='ltr'><strong>quod</strong></span> <span class='ocrx_word' id='word_1_135' title='bbox 1017 3197 1077 3262; x_wconf 84' lang='lat' dir='ltr'><strong>ego</strong></span> <span class='ocrx_word' id='word_1_136' title='bbox 1109 3175 1278 3243; x_wconf 89' lang='lat' dir='ltr'><strong>Johannes</strong></span> <span class='ocrx_word' id='word_1_137' title='bbox 1302 3178 1343 3244; x_wconf 93' lang='lat' dir='ltr'><strong>de</strong></span> <span class='ocrx_word' id='word_1_138' title='bbox 1362 3175 1445 3292; x_wconf 52' lang='lat' dir='ltr'><strong>(impl</strong></span> 
     </span>
     <span class='ocr_line' id='line_1_22' title="bbox 291 3249 1492 3365; baseline 0.002 -19"><span class='ocrx_word' id='word_1_139' title='bbox 291 3279 497 3346; x_wconf 87' lang='lat' dir='ltr'><strong>Tremiuetes</strong></span> <span class='ocrx_word' id='word_1_140' title='bbox 534 3278 610 3346; x_wconf 85' lang='lat' dir='ltr'><strong>dedi</strong></span> <span class='ocrx_word' id='word_1_141' title='bbox 649 3284 684 3344; x_wconf 89' lang='lat' dir='ltr'><strong>et</strong></span> <span class='ocrx_word' id='word_1_142' title='bbox 721 3277 872 3356; x_wconf 72' lang='lat' dir='ltr'><strong>concessi</strong></span> <span class='ocrx_word' id='word_1_143' title='bbox 902 3282 938 3344; x_wconf 91' lang='lat' dir='ltr'><strong>et</strong></span> <span class='ocrx_word' id='word_1_144' title='bbox 968 3277 1030 3346; x_wconf 86' lang='lat' dir='ltr'><strong>hac</strong></span> <span class='ocrx_word' id='word_1_145' title='bbox 1063 3280 1220 3365; x_wconf 80' lang='lat' dir='ltr'><strong>praesenti</strong></span> <span class='ocrx_word' id='word_1_146' title='bbox 1257 3249 1492 3361; x_wconf 50' lang='lat' dir='ltr'><strong>willeadi.</strong></span> 
     </span>
     <span class='ocr_line' id='line_1_23' title="bbox 290 3381 1348 3472; baseline -0.001 -20"><span class='ocrx_word' id='word_1_147' title='bbox 290 3382 495 3460; x_wconf 85' lang='lat' dir='ltr'><strong>confirmavi,</strong></span> <span class='ocrx_word' id='word_1_148' title='bbox 524 3381 680 3452; x_wconf 82' lang='lat' dir='ltr'><strong>Oristinae</strong></span> <span class='ocrx_word' id='word_1_149' title='bbox 714 3381 792 3448; x_wconf 72' lang='lat' dir='ltr'><strong>filia</strong></span> <span class='ocrx_word' id='word_1_150' title='bbox 816 3381 969 3469; x_wconf 84' lang='lat' dir='ltr'><strong>Hugonis</strong></span> <span class='ocrx_word' id='word_1_151' title='bbox 1004 3381 1045 3448; x_wconf 92' lang='lat' dir='ltr'><strong>de</strong></span> <span class='ocrx_word' id='word_1_152' title='bbox 1081 3381 1254 3462; x_wconf 90' lang='lat' dir='ltr'><strong>Heddone,</strong></span> <span class='ocrx_word' id='word_1_153' title='bbox 1287 3406 1348 3472; x_wconf 92' lang='lat' dir='ltr'><strong>pro</strong></span> 
     </span>
     <span class='ocr_line' id='line_1_24' title="bbox 291 3485 1348 3573; baseline 0.001 -20"><span class='ocrx_word' id='word_1_154' title='bbox 291 3486 449 3573; x_wconf 83' lang='lat' dir='ltr'><strong>homagio</strong></span> <span class='ocrx_word' id='word_1_155' title='bbox 480 3490 514 3552; x_wconf 89' lang='lat' dir='ltr'><strong>ct</strong></span> <span class='ocrx_word' id='word_1_156' title='bbox 546 3485 686 3552; x_wconf 87' lang='lat' dir='ltr'><strong>servicio</strong></span> <span class='ocrx_word' id='word_1_157' title='bbox 722 3505 793 3562; x_wconf 90' lang='lat' dir='ltr'><strong>suo,</strong></span> <span class='ocrx_word' id='word_1_158' title='bbox 830 3489 938 3551; x_wconf 87' lang='lat' dir='ltr'><strong>totam</strong></span> <span class='ocrx_word' id='word_1_159' title='bbox 976 3488 1098 3551; x_wconf 88' lang='lat' dir='ltr'><strong>terram</strong></span> <span class='ocrx_word' id='word_1_160' title='bbox 1133 3507 1250 3564; x_wconf 81' lang='lat' dir='ltr'><strong>mecm,</strong></span> <span class='ocrx_word' id='word_1_161' title='bbox 1272 3508 1348 3554; x_wconf 90' lang='lat' dir='ltr'><strong>cum</strong></span> 
     </span>
     <span class='ocr_line' id='line_1_25' title="bbox 291 3585 1345 3676; baseline 0 -19"><span class='ocrx_word' id='word_1_162' title='bbox 291 3589 387 3657; x_wconf 83' lang='lat' dir='ltr'><strong>curia</strong></span> <span class='ocrx_word' id='word_1_163' title='bbox 408 3595 444 3656; x_wconf 89' lang='lat' dir='ltr'><strong>et</strong></span> <span class='ocrx_word' id='word_1_164' title='bbox 480 3587 616 3675; x_wconf 87' lang='lat' dir='ltr'><strong>capitali</strong></span> <span class='ocrx_word' id='word_1_165' title='bbox 653 3585 842 3674; x_wconf 83' lang='lat' dir='ltr'><strong>messuagio</strong></span> <span class='ocrx_word' id='word_1_166' title='bbox 876 3590 911 3652; x_wconf 89' lang='lat' dir='ltr'><strong>et</strong></span> <span class='ocrx_word' id='word_1_167' title='bbox 944 3587 1097 3654; x_wconf 90' lang='lat' dir='ltr'><strong>omnibus</strong></span> <span class='ocrx_word' id='word_1_168' title='bbox 1135 3590 1345 3676; x_wconf 86' lang='lat' dir='ltr'><strong>pertinentiis</strong></span> 
     </span>
     <span class='ocr_line' id='line_1_26' title="bbox 291 3689 1350 3779; baseline 0 -19"><span class='ocrx_word' id='word_1_169' title='bbox 291 3692 374 3770; x_wconf 89' lang='lat' dir='ltr'><strong>suis,</strong></span> <span class='ocrx_word' id='word_1_170' title='bbox 397 3713 472 3779; x_wconf 73' lang='lat' dir='ltr'><strong>qum</strong></span> <span class='ocrx_word' id='word_1_171' title='bbox 503 3691 605 3758; x_wconf 89' lang='lat' dir='ltr'><strong>habui</strong></span> <span class='ocrx_word' id='word_1_172' title='bbox 640 3690 676 3756; x_wconf 91' lang='lat' dir='ltr'><strong>in</strong></span> <span class='ocrx_word' id='word_1_173' title='bbox 710 3691 744 3758; x_wconf 92' lang='lat' dir='ltr'><strong>la</strong></span> <span class='ocrx_word' id='word_1_174' title='bbox 777 3689 991 3769; x_wconf 85' lang='lat' dir='ltr'><strong>Blakelande,</strong></span> <span class='ocrx_word' id='word_1_175' title='bbox 1026 3689 1291 3773; x_wconf 80' lang='lat' dir='ltr'><strong>Quembreforde,</strong></span> <span class='ocrx_word' id='word_1_176' title='bbox 1316 3701 1350 3760; x_wconf 87' lang='lat' dir='ltr'><strong>et</strong></span> 
     </span>
     <span class='ocr_line' id='line_1_27' title="bbox 291 3791 1350 3882; baseline 0.002 -20"><span class='ocrx_word' id='word_1_177' title='bbox 291 3795 527 3873; x_wconf 86' lang='lat' dir='ltr'><strong>Thornehulle,</strong></span> <span class='ocrx_word' id='word_1_178' title='bbox 549 3815 625 3862; x_wconf 91' lang='lat' dir='ltr'><strong>cum</strong></span> <span class='ocrx_word' id='word_1_179' title='bbox 657 3791 810 3860; x_wconf 88' lang='lat' dir='ltr'><strong>omnibus</strong></span> <span class='ocrx_word' id='word_1_180' title='bbox 842 3815 954 3861; x_wconf 90' lang='lat' dir='ltr'><strong>eorum</strong></span> <span class='ocrx_word' id='word_1_181' title='bbox 988 3795 1198 3882; x_wconf 88' lang='lat' dir='ltr'><strong>pertinentiis</strong></span> <span class='ocrx_word' id='word_1_182' title='bbox 1232 3798 1269 3862; x_wconf 92' lang='lat' dir='ltr'><strong>in</strong></span> <span class='ocrx_word' id='word_1_183' title='bbox 1291 3798 1350 3865; x_wconf 84' lang='lat' dir='ltr'><strong>do·</strong></span> 
     </span>
     <span class='ocr_line' id='line_1_28' title="bbox 289 3896 1349 3987; baseline 0.002 -23"><span class='ocrx_word' id='word_1_184' title='bbox 289 3899 434 3977; x_wconf 88' lang='lat' dir='ltr'><strong>minicia,</strong></span> <span class='ocrx_word' id='word_1_185' title='bbox 466 3897 662 3984; x_wconf 81' lang='lat' dir='ltr'><strong>villenagiis,</strong></span> <span class='ocrx_word' id='word_1_186' title='bbox 699 3896 855 3984; x_wconf 87' lang='lat' dir='ltr'><strong>gardinis,</strong></span> <span class='ocrx_word' id='word_1_187' title='bbox 889 3896 1006 3978; x_wconf 87' lang='lat' dir='ltr'><strong>boscis,</strong></span> <span class='ocrx_word' id='word_1_188' title='bbox 1039 3900 1153 3985; x_wconf 89' lang='lat' dir='ltr'><strong>pratis,</strong></span> <span class='ocrx_word' id='word_1_189' title='bbox 1186 3900 1349 3987; x_wconf 87' lang='lat' dir='ltr'><strong>paechuis,</strong></span> 
     </span>
     <span class='ocr_line' id='line_1_29' title="bbox 290 3999 1349 4082; baseline 0.002 -14"><span class='ocrx_word' id='word_1_190' title='bbox 290 4003 370 4080; x_wconf 84' lang='lat' dir='ltr'><strong>viis,</strong></span> <span class='ocrx_word' id='word_1_191' title='bbox 402 4000 539 4078; x_wconf 87' lang='lat' dir='ltr'><strong>semitis,</strong></span> <span class='ocrx_word' id='word_1_192' title='bbox 571 3999 739 4066; x_wconf 89' lang='lat' dir='ltr'><strong>montanis</strong></span> <span class='ocrx_word' id='word_1_193' title='bbox 771 4004 806 4066; x_wconf 89' lang='lat' dir='ltr'><strong>et</strong></span> <span class='ocrx_word' id='word_1_194' title='bbox 828 3999 980 4080; x_wconf 85' lang='lat' dir='ltr'><strong>vallibus,</strong></span> <span class='ocrx_word' id='word_1_195' title='bbox 1014 4001 1050 4066; x_wconf 90' lang='lat' dir='ltr'><strong>in</strong></span> <span class='ocrx_word' id='word_1_196' title='bbox 1083 4001 1288 4082; x_wconf 86' lang='lat' dir='ltr'><strong>molendinis,</strong></span> <span class='ocrx_word' id='word_1_197' title='bbox 1313 4005 1349 4070; x_wconf 91' lang='lat' dir='ltr'><strong>in</strong></span> 
     </span>
     <span class='ocr_line' id='line_1_30' title="bbox 288 4101 1347 4192; baseline 0.002 -20"><span class='ocrx_word' id='word_1_198' title='bbox 288 4104 460 4192; x_wconf 84' lang='lat' dir='ltr'><strong>homagiis</strong></span> <span class='ocrx_word' id='word_1_199' title='bbox 490 4104 668 4172; x_wconf 84' lang='lat' dir='ltr'><strong>liberorum</strong></span> <span class='ocrx_word' id='word_1_200' title='bbox 699 4101 882 4182; x_wconf 88' lang='lat' dir='ltr'><strong>hominum,</strong></span> <span class='ocrx_word' id='word_1_201' title='bbox 914 4108 949 4169; x_wconf 82' lang='lat' dir='ltr'><strong>et</strong></span> <span class='ocrx_word' id='word_1_202' title='bbox 982 4104 1106 4190; x_wconf 89' lang='lat' dir='ltr'><strong>ubique</strong></span> <span class='ocrx_word' id='word_1_203' title='bbox 1129 4107 1165 4172; x_wconf 90' lang='lat' dir='ltr'><strong>in</strong></span> <span class='ocrx_word' id='word_1_204' title='bbox 1194 4106 1347 4174; x_wconf 87' lang='lat' dir='ltr'><strong>omnibus</strong></span> 
     </span>
     <span class='ocr_line' id='line_1_31' title="bbox 287 4205 1352 4288; baseline 0 -12"><span class='ocrx_word' id='word_1_205' title='bbox 287 4208 370 4276; x_wconf 85' lang='lat' dir='ltr'><strong>aliis</strong></span> <span class='ocrx_word' id='word_1_206' title='bbox 394 4207 483 4288; x_wconf 89' lang='lat' dir='ltr'><strong>locis,</strong></span> <span class='ocrx_word' id='word_1_207' title='bbox 505 4207 576 4274; x_wconf 87' lang='lat' dir='ltr'><strong>sine</strong></span> <span class='ocrx_word' id='word_1_208' title='bbox 599 4205 667 4272; x_wconf 92' lang='lat' dir='ltr'><strong>ullo</strong></span> <span class='ocrx_word' id='word_1_209' title='bbox 689 4209 933 4273; x_wconf 83' lang='lat' dir='ltr'><strong>retenemento:</strong></span> <span class='ocrx_word' id='word_1_210' title='bbox 957 4206 1158 4274; x_wconf 87' lang='lat' dir='ltr'><strong>Habendum</strong></span> <span class='ocrx_word' id='word_1_211' title='bbox 1180 4214 1215 4276; x_wconf 91' lang='lat' dir='ltr'><strong>et</strong></span> <span class='ocrx_word' id='word_1_212' title='bbox 1237 4214 1352 4276; x_wconf 86' lang='lat' dir='ltr'><strong>teneu-</strong></span> 
     </span>
     <span class='ocr_line' id='line_1_32' title="bbox 287 4309 1350 4399; baseline 0.001 -21"><span class='ocrx_word' id='word_1_213' title='bbox 287 4311 375 4378; x_wconf 91' lang='lat' dir='ltr'><strong>dum</strong></span> <span class='ocrx_word' id='word_1_214' title='bbox 396 4311 472 4396; x_wconf 89' lang='lat' dir='ltr'><strong>jure</strong></span> <span class='ocrx_word' id='word_1_215' title='bbox 495 4309 694 4376; x_wconf 83' lang='lat' dir='ltr'><strong>hereditario</strong></span> <span class='ocrx_word' id='word_1_216' title='bbox 712 4309 956 4396; x_wconf 82' lang='lat' dir='ltr'><strong>imperpetuum</strong></span> <span class='ocrx_word' id='word_1_217' title='bbox 980 4310 1020 4376; x_wconf 89' lang='lat' dir='ltr'><strong>dc</strong></span> <span class='ocrx_word' id='word_1_218' title='bbox 1042 4332 1095 4376; x_wconf 91' lang='lat' dir='ltr'><strong>me</strong></span> <span class='ocrx_word' id='word_1_219' title='bbox 1118 4315 1153 4376; x_wconf 88' lang='lat' dir='ltr'><strong>et</strong></span> <span class='ocrx_word' id='word_1_220' title='bbox 1174 4313 1350 4399; x_wconf 82' lang='lat' dir='ltr'><strong>assignatis</strong></span> 
     </span>
     <span class='ocr_line' id='line_1_33' title="bbox 286 4409 1452 4498; baseline -0.002 -18"><span class='ocrx_word' id='word_1_221' title='bbox 286 4415 377 4480; x_wconf 89' lang='lat' dir='ltr'><strong>meis</strong></span> <span class='ocrx_word' id='word_1_222' title='bbox 402 4412 467 4479; x_wconf 87' lang='lat' dir='ltr'><strong>sibi</strong></span> <span class='ocrx_word' id='word_1_223' title='bbox 488 4417 524 4479; x_wconf 87' lang='lat' dir='ltr'><strong>et</strong></span> <span class='ocrx_word' id='word_1_224' title='bbox 544 4411 720 4478; x_wconf 85' lang='lat' dir='ltr'><strong>heredibus</strong></span> <span class='ocrx_word' id='word_1_225' title='bbox 743 4409 819 4489; x_wconf 87' lang='lat' dir='ltr'><strong>suis,</strong></span> <span class='ocrx_word' id='word_1_226' title='bbox 843 4411 897 4477; x_wconf 89' lang='lat' dir='ltr'><strong>vel</strong></span> <span class='ocrx_word' id='word_1_227' title='bbox 919 4412 973 4478; x_wconf 87' lang='lat' dir='ltr'><strong>cui</strong></span> <span class='ocrx_word' id='word_1_228' title='bbox 995 4417 1055 4479; x_wconf 91' lang='lat' dir='ltr'><strong>aut</strong></span> <span class='ocrx_word' id='word_1_229' title='bbox 1078 4413 1198 4498; x_wconf 90' lang='lat' dir='ltr'><strong>quibus</strong></span> <span class='ocrx_word' id='word_1_230' title='bbox 1220 4415 1257 4480; x_wconf 91' lang='lat' dir='ltr'><strong>in</strong></span> <span class='ocrx_word' id='word_1_231' title='bbox 1278 4415 1452 4482; x_wconf 52' lang='lat' dir='ltr'><strong>amaros.</strong></span> 
     </span>
     <span class='ocr_line' id='line_1_34' title="bbox 284 4515 1351 4605; baseline -0.002 -19"><span class='ocrx_word' id='word_1_232' title='bbox 284 4541 352 4588; x_wconf 88' lang='lat' dir='ltr'><strong>sua</strong></span> <span class='ocrx_word' id='word_1_233' title='bbox 377 4516 495 4582; x_wconf 85' lang='lat' dir='ltr'><strong>autin</strong></span> <span class='ocrx_word' id='word_1_234' title='bbox 517 4519 715 4582; x_wconf 86' lang='lat' dir='ltr'><strong>testamento</strong></span> <span class='ocrx_word' id='word_1_235' title='bbox 739 4535 806 4593; x_wconf 92' lang='lat' dir='ltr'><strong>suo,</strong></span> <span class='ocrx_word' id='word_1_236' title='bbox 832 4515 962 4592; x_wconf 86' lang='lat' dir='ltr'><strong>donare,</strong></span> <span class='ocrx_word' id='word_1_237' title='bbox 977 4516 1144 4602; x_wconf 83' lang='lat' dir='ltr'><strong>assignare</strong></span> <span class='ocrx_word' id='word_1_238' title='bbox 1167 4517 1221 4583; x_wconf 86' lang='lat' dir='ltr'><strong>vel</strong></span> <span class='ocrx_word' id='word_1_239' title='bbox 1243 4517 1351 4605; x_wconf 86' lang='lat' dir='ltr'><strong>legare</strong></span> 
     </span>
     <span class='ocr_line' id='line_1_35' title="bbox 283 4617 1348 4708; baseline -0.002 -20"><span class='ocrx_word' id='word_1_240' title='bbox 283 4623 323 4688; x_wconf 91' lang='lat' dir='ltr'><strong>in</strong></span> <span class='ocrx_word' id='word_1_241' title='bbox 356 4621 459 4688; x_wconf 90' lang='lat' dir='ltr'><strong>feodo</strong></span> <span class='ocrx_word' id='word_1_242' title='bbox 491 4619 642 4695; x_wconf 86' lang='lat' dir='ltr'><strong>voluerit,</strong></span> <span class='ocrx_word' id='word_1_243' title='bbox 676 4617 787 4697; x_wconf 91' lang='lat' dir='ltr'><strong>libere,</strong></span> <span class='ocrx_word' id='word_1_244' title='bbox 825 4619 946 4705; x_wconf 90' lang='lat' dir='ltr'><strong>quiete,</strong></span> <span class='ocrx_word' id='word_1_245' title='bbox 981 4619 1114 4705; x_wconf 88' lang='lat' dir='ltr'><strong>pacifice</strong></span> <span class='ocrx_word' id='word_1_246' title='bbox 1146 4625 1181 4686; x_wconf 89' lang='lat' dir='ltr'><strong>et</strong></span> <span class='ocrx_word' id='word_1_247' title='bbox 1212 4620 1348 4708; x_wconf 87' lang='lat' dir='ltr'><strong>integre,</strong></span> 
     </span>
     <span class='ocr_line' id='line_1_36' title="bbox 274 4720 1346 4810; baseline -0.007 -15"><span class='ocrx_word' id='word_1_248' title='bbox 274 4724 528 4795; x_wconf 84' lang='lat' dir='ltr'><strong>cumomnibus</strong></span> <span class='ocrx_word' id='word_1_249' title='bbox 551 4722 769 4810; x_wconf 84' lang='lat' dir='ltr'><strong>pertinentiis</strong></span> <span class='ocrx_word' id='word_1_250' title='bbox 793 4722 863 4787; x_wconf 88' lang='lat' dir='ltr'><strong>suis</strong></span> <span class='ocrx_word' id='word_1_251' title='bbox 889 4727 925 4786; x_wconf 86' lang='lat' dir='ltr'><strong>et</strong></span> <span class='ocrx_word' id='word_1_252' title='bbox 949 4720 1163 4788; x_wconf 85' lang='lat' dir='ltr'><strong>libertatibus</strong></span> <span class='ocrx_word' id='word_1_253' title='bbox 1186 4723 1264 4801; x_wconf 89' lang='lat' dir='ltr'><strong>suis,</strong></span> <span class='ocrx_word' id='word_1_254' title='bbox 1287 4745 1346 4810; x_wconf 87' lang='lat' dir='ltr'><strong>per</strong></span> 
     </span>
     <span class='ocr_line' id='line_1_37' title="bbox 282 4821 1352 4911; baseline -0.005 -13"><span class='ocrx_word' id='word_1_255' title='bbox 282 4826 473 4898; x_wconf 86' lang='lat' dir='ltr'><strong>servicium</strong></span> <span class='ocrx_word' id='word_1_256' title='bbox 495 4830 621 4895; x_wconf 87' lang='lat' dir='ltr'><strong>octavae</strong></span> <span class='ocrx_word' id='word_1_257' title='bbox 636 4825 741 4911; x_wconf 88' lang='lat' dir='ltr'><strong>partis</strong></span> <span class='ocrx_word' id='word_1_258' title='bbox 764 4823 852 4891; x_wconf 87' lang='lat' dir='ltr'><strong>feodi</strong></span> <span class='ocrx_word' id='word_1_259' title='bbox 867 4821 967 4890; x_wconf 87' lang='lat' dir='ltr'><strong>unius</strong></span> <span class='ocrx_word' id='word_1_260' title='bbox 983 4824 1108 4906; x_wconf 87' lang='lat' dir='ltr'><strong>militis,</strong></span> <span class='ocrx_word' id='word_1_261' title='bbox 1124 4846 1184 4911; x_wconf 91' lang='lat' dir='ltr'><strong>pro</strong></span> <span class='ocrx_word' id='word_1_262' title='bbox 1200 4826 1352 4892; x_wconf 86' lang='lat' dir='ltr'><strong>omnibus</strong></span> 
     </span>
    </p>
   </div>
   <div class='ocr_carea' id='block_1_7' title="bbox 0 0 1794 5808">
    <p class='ocr_par' dir='ltr' id='par_1_8' title="bbox 0 0 1794 5808">
     <span class='ocr_line' id='line_1_38' title="bbox 0 0 1794 5808; baseline 0 0"><span class='ocrx_word' id='word_1_263' title='bbox 0 0 1794 5808; x_wconf 95' lang='lat' dir='ltr'><strong> </strong></span> 
     </span>
    </p>
   </div>
  </div>
 </body>
</html>
