<?xml version="1.0" encoding="UTF-8"?>
<!DOCTYPE html PUBLIC "-//W3C//DTD XHTML 1.0 Transitional//EN"
    "http://www.w3.org/TR/xhtml1/DTD/xhtml1-transitional.dtd">
<html xmlns="http://www.w3.org/1999/xhtml" xml:lang="en" lang="en">
 <head>
  <title>
</title>
<meta http-equiv="Content-Type" content="text/html;charset=utf-8" />
  <meta name='ocr-system' content='tesseract 3.04.00' />
  <meta name='ocr-capabilities' content='ocr_page ocr_carea ocr_par ocr_line ocrx_word'/>
</head>
<body>
  <div class='ocr_page' id='page_1' title='image "./registrummalmes00martgoog_0384.png"; bbox 0 0 3526 5810; ppageno 0'>
   <div class='ocr_carea' id='block_1_1' title="bbox 446 849 1242 914">
    <p class='ocr_par' dir='ltr' id='par_1_1' title="bbox 446 849 1242 914">
     <span class='ocr_line' id='line_1_1' title="bbox 446 849 1242 914; baseline 0.003 -2"><span class='ocrx_word' id='word_1_1' title='bbox 446 849 510 912; x_wconf 80' lang='lat'><strong>290</strong></span> <span class='ocrx_word' id='word_1_2' title='bbox 697 863 895 914; x_wconf 76' lang='lat' dir='ltr'><strong>eremmon</strong></span> <span class='ocrx_word' id='word_1_3' title='bbox 918 863 1242 914; x_wconf 75' lang='lat' dir='ltr'><strong>murssunmrsn</strong></span> 
     </span>
    </p>
   </div>
   <div class='ocr_carea' id='block_1_2' title="bbox 279 1046 1498 3372">
    <p class='ocr_par' dir='ltr' id='par_1_2' title="bbox 279 1046 1498 3372">
     <span class='ocr_line' id='line_1_2' title="bbox 443 1046 1494 1136; baseline -0.004 -22"><span class='ocrx_word' id='word_1_4' title='bbox 443 1047 639 1135; x_wconf 81' lang='lat' dir='ltr'><strong>curtillagiis</strong></span> <span class='ocrx_word' id='word_1_5' title='bbox 661 1053 696 1112; x_wconf 91' lang='lat' dir='ltr'><strong>et</strong></span> <span class='ocrx_word' id='word_1_6' title='bbox 718 1047 831 1116; x_wconf 85' lang='lat' dir='ltr'><strong>croftis</strong></span> <span class='ocrx_word' id='word_1_7' title='bbox 853 1052 888 1113; x_wconf 92' lang='lat' dir='ltr'><strong>et</strong></span> <span class='ocrx_word' id='word_1_8' title='bbox 910 1049 1061 1114; x_wconf 90' lang='lat' dir='ltr'><strong>omnibus</strong></span> <span class='ocrx_word' id='word_1_9' title='bbox 1084 1049 1159 1114; x_wconf 88' lang='lat' dir='ltr'><strong>aliis</strong></span> <span class='ocrx_word' id='word_1_10' title='bbox 1180 1047 1393 1136; x_wconf 70' lang='lat' dir='ltr'><strong>pertinentiis</strong></span> <span class='ocrx_word' id='word_1_11' title='bbox 1416 1046 1494 1120; x_wconf 86' lang='lat' dir='ltr'><strong>suis,</strong></span> 
     </span>
     <span class='ocr_line' id='line_1_3' title="bbox 445 1146 1497 1236; baseline -0.003 -23"><span class='ocrx_word' id='word_1_12' title='bbox 445 1155 577 1216; x_wconf 90' lang='lat' dir='ltr'><strong>etcum</strong></span> <span class='ocrx_word' id='word_1_13' title='bbox 599 1149 751 1216; x_wconf 91' lang='lat' dir='ltr'><strong>omnibus</strong></span> <span class='ocrx_word' id='word_1_14' title='bbox 774 1150 935 1216; x_wconf 74' lang='lat' dir='ltr'><strong>eschaetis</strong></span> <span class='ocrx_word' id='word_1_15' title='bbox 958 1172 1033 1236; x_wconf 75' lang='lat' dir='ltr'><strong>quse</strong></span> <span class='ocrx_word' id='word_1_16' title='bbox 1054 1150 1150 1216; x_wconf 91' lang='lat' dir='ltr'><strong>nobis</strong></span> <span class='ocrx_word' id='word_1_17' title='bbox 1172 1156 1233 1216; x_wconf 88' lang='lat' dir='ltr'><strong>aut</strong></span> <span class='ocrx_word' id='word_1_18' title='bbox 1254 1146 1497 1216; x_wconf 87' lang='lat' dir='ltr'><strong>successoribus</strong></span> 
     </span>
     <span class='ocr_line' id='line_1_4' title="bbox 444 1253 1498 1340; baseline -0.001 -24"><span class='ocrx_word' id='word_1_19' title='bbox 444 1253 567 1317; x_wconf 86' lang='lat' dir='ltr'><strong>nostris</strong></span> <span class='ocrx_word' id='word_1_20' title='bbox 588 1253 734 1319; x_wconf 83' lang='lat' dir='ltr'><strong>accidere</strong></span> <span class='ocrx_word' id='word_1_21' title='bbox 761 1257 894 1338; x_wconf 85' lang='lat' dir='ltr'><strong>possent</strong></span> <span class='ocrx_word' id='word_1_22' title='bbox 925 1253 1054 1320; x_wconf 77' lang='lat' dir='ltr'><strong>ratione</strong></span> <span class='ocrx_word' id='word_1_23' title='bbox 1085 1253 1253 1340; x_wconf 82' lang='lat' dir='ltr'><strong>praedietae</strong></span> <span class='ocrx_word' id='word_1_24' title='bbox 1284 1258 1391 1330; x_wconf 82' lang='lat' dir='ltr'><strong>terrae,</strong></span> <span class='ocrx_word' id='word_1_25' title='bbox 1413 1271 1498 1337; x_wconf 87' lang='lat' dir='ltr'><strong>prae-</strong></span> 
     </span>
     <span class='ocr_line' id='line_1_5' title="bbox 446 1351 1497 1442; baseline 0 -26"><span class='ocrx_word' id='word_1_26' title='bbox 446 1352 535 1421; x_wconf 90' lang='lat' dir='ltr'><strong>dicto</strong></span> <span class='ocrx_word' id='word_1_27' title='bbox 551 1352 717 1421; x_wconf 90' lang='lat' dir='ltr'><strong>Willelmo</strong></span> <span class='ocrx_word' id='word_1_28' title='bbox 739 1359 774 1420; x_wconf 89' lang='lat' dir='ltr'><strong>et</strong></span> <span class='ocrx_word' id='word_1_29' title='bbox 794 1354 971 1420; x_wconf 91' lang='lat' dir='ltr'><strong>heredibus</strong></span> <span class='ocrx_word' id='word_1_30' title='bbox 986 1361 1021 1420; x_wconf 89' lang='lat' dir='ltr'><strong>et</strong></span> <span class='ocrx_word' id='word_1_31' title='bbox 1042 1355 1218 1442; x_wconf 78' lang='lat' dir='ltr'><strong>assignetis</strong></span> <span class='ocrx_word' id='word_1_32' title='bbox 1241 1355 1321 1436; x_wconf 87' lang='lat' dir='ltr'><strong>suis,</strong></span> <span class='ocrx_word' id='word_1_33' title='bbox 1345 1355 1386 1420; x_wconf 87' lang='lat' dir='ltr'><strong>de</strong></span> <span class='ocrx_word' id='word_1_34' title='bbox 1400 1351 1497 1419; x_wconf 86' lang='lat' dir='ltr'><strong>nobis</strong></span> 
     </span>
     <span class='ocr_line' id='line_1_6' title="bbox 447 1441 1498 1542; baseline -0.001 -22"><span class='ocrx_word' id='word_1_35' title='bbox 447 1461 481 1520; x_wconf 89' lang='lat' dir='ltr'><strong>et</strong></span> <span class='ocrx_word' id='word_1_36' title='bbox 503 1455 741 1522; x_wconf 79' lang='lat' dir='ltr'><strong>suecessoribus</strong></span> <span class='ocrx_word' id='word_1_37' title='bbox 763 1456 894 1533; x_wconf 82' lang='lat' dir='ltr'><strong>nostris,</strong></span> <span class='ocrx_word' id='word_1_38' title='bbox 917 1455 1028 1534; x_wconf 89' lang='lat' dir='ltr'><strong>libere,</strong></span> <span class='ocrx_word' id='word_1_39' title='bbox 1051 1457 1173 1542; x_wconf 86' lang='lat' dir='ltr'><strong>quiete,</strong></span> <span class='ocrx_word' id='word_1_40' title='bbox 1196 1441 1279 1522; x_wconf 80' lang='lat' dir='ltr'><strong>bene</strong></span> <span class='ocrx_word' id='word_1_41' title='bbox 1302 1455 1396 1520; x_wconf 90' lang='lat' dir='ltr'><strong>etin</strong></span> <span class='ocrx_word' id='word_1_42' title='bbox 1416 1475 1498 1540; x_wconf 86' lang='lat' dir='ltr'><strong>pace</strong></span> 
     </span>
     <span class='ocr_line' id='line_1_7' title="bbox 447 1555 1497 1643; baseline 0 -24"><span class='ocrx_word' id='word_1_43' title='bbox 447 1557 698 1643; x_wconf 81' lang='lat' dir='ltr'><strong>imperpetuum.</strong></span> <span class='ocrx_word' id='word_1_44' title='bbox 736 1555 918 1622; x_wconf 88' lang='lat' dir='ltr'><strong>Reddendo</strong></span> <span class='ocrx_word' id='word_1_45' title='bbox 941 1557 1018 1622; x_wconf 87' lang='lat' dir='ltr'><strong>inde</strong></span> <span class='ocrx_word' id='word_1_46' title='bbox 1040 1558 1216 1624; x_wconf 88' lang='lat' dir='ltr'><strong>annuatim</strong></span> <span class='ocrx_word' id='word_1_47' title='bbox 1231 1557 1360 1624; x_wconf 88' lang='lat' dir='ltr'><strong>custodi</strong></span> <span class='ocrx_word' id='word_1_48' title='bbox 1383 1555 1497 1620; x_wconf 72' lang='lat' dir='ltr'><strong>altaris</strong></span> 
     </span>
     <span class='ocr_line' id='line_1_8' title="bbox 321 1656 1497 1746; baseline -0.003 -23"><span class='ocrx_word' id='word_1_49' title='bbox 321 1706 323 1712; x_wconf 70' lang='grc'>.</span> <span class='ocrx_word' id='word_1_50' title='bbox 447 1657 560 1724; x_wconf 82' lang='lat' dir='ltr'><strong>Beetae</strong></span> <span class='ocrx_word' id='word_1_51' title='bbox 584 1659 700 1725; x_wconf 81' lang='lat' dir='ltr'><strong>Mariae</strong></span> <span class='ocrx_word' id='word_1_52' title='bbox 730 1659 766 1722; x_wconf 91' lang='lat' dir='ltr'><strong>in</strong></span> <span class='ocrx_word' id='word_1_53' title='bbox 795 1658 931 1726; x_wconf 84' lang='lat' dir='ltr'><strong>ecclesia</strong></span> <span class='ocrx_word' id='word_1_54' title='bbox 953 1663 1066 1724; x_wconf 81' lang='lat' dir='ltr'><strong>nostru</strong></span> <span class='ocrx_word' id='word_1_55' title='bbox 1099 1659 1140 1724; x_wconf 88' lang='lat' dir='ltr'><strong>de</strong></span> <span class='ocrx_word' id='word_1_56' title='bbox 1173 1657 1408 1746; x_wconf 79' lang='lat' dir='ltr'><strong>Malmesburia</strong></span> <span class='ocrx_word' id='word_1_57' title='bbox 1438 1656 1497 1741; x_wconf 91' lang='lat' dir='ltr'><strong>qui</strong></span> 
     </span>
     <span class='ocr_line' id='line_1_9' title="bbox 448 1758 1497 1846; baseline -0.001 -23"><span class='ocrx_word' id='word_1_58' title='bbox 448 1781 507 1846; x_wconf 89' lang='lat' dir='ltr'><strong>pro</strong></span> <span class='ocrx_word' id='word_1_59' title='bbox 529 1766 677 1846; x_wconf 89' lang='lat' dir='ltr'><strong>tempore</strong></span> <span class='ocrx_word' id='word_1_60' title='bbox 699 1760 809 1838; x_wconf 89' lang='lat' dir='ltr'><strong>fuerit,</strong></span> <span class='ocrx_word' id='word_1_61' title='bbox 833 1760 1007 1826; x_wconf 80' lang='lat' dir='ltr'><strong>tresdecim</strong></span> <span class='ocrx_word' id='word_1_62' title='bbox 1030 1761 1151 1826; x_wconf 90' lang='lat' dir='ltr'><strong>solidos</strong></span> <span class='ocrx_word' id='word_1_63' title='bbox 1173 1767 1208 1826; x_wconf 87' lang='lat' dir='ltr'><strong>et</strong></span> <span class='ocrx_word' id='word_1_64' title='bbox 1230 1767 1374 1846; x_wconf 87' lang='lat' dir='ltr'><strong>quatuor</strong></span> <span class='ocrx_word' id='word_1_65' title='bbox 1396 1758 1497 1823; x_wconf 87' lang='lat' dir='ltr'><strong>dena·</strong></span> 
     </span>
     <span class='ocr_line' id='line_1_10' title="bbox 426 1861 1497 1947; baseline -0.002 -21"><span class='ocrx_word' id='word_1_66' title='bbox 426 1863 512 1926; x_wconf 79' lang='lat' dir='ltr'><strong>-rios</strong></span> <span class='ocrx_word' id='word_1_67' title='bbox 545 1862 588 1926; x_wconf 88' lang='lat' dir='ltr'><strong>ad</strong></span> <span class='ocrx_word' id='word_1_68' title='bbox 621 1867 763 1947; x_wconf 76' lang='lat' dir='ltr'><strong>quatuor</strong></span> <span class='ocrx_word' id='word_1_69' title='bbox 796 1862 877 1926; x_wconf 88' lang='lat' dir='ltr'><strong>anni</strong></span> <span class='ocrx_word' id='word_1_70' title='bbox 900 1863 1078 1927; x_wconf 88' lang='lat' dir='ltr'><strong>terminos:</strong></span> <span class='ocrx_word' id='word_1_71' title='bbox 1110 1861 1275 1940; x_wconf 82' lang='lat' dir='ltr'><strong>videlicet,</strong></span> <span class='ocrx_word' id='word_1_72' title='bbox 1296 1863 1340 1927; x_wconf 90' lang='lat' dir='ltr'><strong>ad</strong></span> <span class='ocrx_word' id='word_1_73' title='bbox 1374 1861 1497 1926; x_wconf 88' lang='lat' dir='ltr'><strong>festum</strong></span> 
     </span>
     <span class='ocr_line' id='line_1_11' title="bbox 447 1960 1497 2050; baseline -0.005 -20"><span class='ocrx_word' id='word_1_74' title='bbox 447 1965 562 2030; x_wconf 88' lang='lat' dir='ltr'><strong>Sancti</strong></span> <span class='ocrx_word' id='word_1_75' title='bbox 586 1962 756 2029; x_wconf 70' lang='lat' dir='ltr'><strong>Michaelis</strong></span> <span class='ocrx_word' id='word_1_76' title='bbox 788 1968 855 2028; x_wconf 88' lang='lat' dir='ltr'><strong>tres</strong></span> <span class='ocrx_word' id='word_1_77' title='bbox 885 1963 1008 2028; x_wconf 89' lang='lat' dir='ltr'><strong>solidos</strong></span> <span class='ocrx_word' id='word_1_78' title='bbox 1030 1969 1066 2030; x_wconf 91' lang='lat' dir='ltr'><strong>et</strong></span> <span class='ocrx_word' id='word_1_79' title='bbox 1095 1969 1238 2050; x_wconf 88' lang='lat' dir='ltr'><strong>quatuor</strong></span> <span class='ocrx_word' id='word_1_80' title='bbox 1270 1963 1431 2038; x_wconf 85' lang='lat' dir='ltr'><strong>denarios,</strong></span> <span class='ocrx_word' id='word_1_81' title='bbox 1453 1960 1497 2025; x_wconf 87' lang='lat' dir='ltr'><strong>ad</strong></span> 
     </span>
     <span class='ocr_line' id='line_1_12' title="bbox 446 2063 1496 2151; baseline 0.001 -22"><span class='ocrx_word' id='word_1_82' title='bbox 446 2066 568 2131; x_wconf 87' lang='lat' dir='ltr'><strong>festum</strong></span> <span class='ocrx_word' id='word_1_83' title='bbox 591 2065 707 2131; x_wconf 82' lang='lat' dir='ltr'><strong>Sancti</strong></span> <span class='ocrx_word' id='word_1_84' title='bbox 722 2065 865 2131; x_wconf 82' lang='lat' dir='ltr'><strong>Andreoe</strong></span> <span class='ocrx_word' id='word_1_85' title='bbox 887 2071 954 2130; x_wconf 91' lang='lat' dir='ltr'><strong>tres</strong></span> <span class='ocrx_word' id='word_1_86' title='bbox 977 2065 1098 2132; x_wconf 90' lang='lat' dir='ltr'><strong>solidos</strong></span> <span class='ocrx_word' id='word_1_87' title='bbox 1114 2072 1150 2131; x_wconf 90' lang='lat' dir='ltr'><strong>et</strong></span> <span class='ocrx_word' id='word_1_88' title='bbox 1172 2072 1313 2151; x_wconf 83' lang='lat' dir='ltr'><strong>quatuor</strong></span> <span class='ocrx_word' id='word_1_89' title='bbox 1335 2063 1496 2137; x_wconf 81' lang='lat' dir='ltr'><strong>denarios,</strong></span> 
     </span>
     <span class='ocr_line' id='line_1_13' title="bbox 443 2167 1498 2258; baseline -0.003 -24"><span class='ocrx_word' id='word_1_90' title='bbox 443 2169 488 2234; x_wconf 81' lang='lat' dir='ltr'><strong>ad</strong></span> <span class='ocrx_word' id='word_1_91' title='bbox 510 2168 631 2233; x_wconf 86' lang='lat' dir='ltr'><strong>festum</strong></span> <span class='ocrx_word' id='word_1_92' title='bbox 654 2167 933 2235; x_wconf 83' lang='lat' dir='ltr'><strong>Annuneiationis</strong></span> <span class='ocrx_word' id='word_1_93' title='bbox 956 2167 1069 2234; x_wconf 84' lang='lat' dir='ltr'><strong>Beetae</strong></span> <span class='ocrx_word' id='word_1_94' title='bbox 1092 2169 1207 2235; x_wconf 78' lang='lat' dir='ltr'><strong>Marius</strong></span> <span class='ocrx_word' id='word_1_95' title='bbox 1230 2175 1296 2234; x_wconf 91' lang='lat' dir='ltr'><strong>tres</strong></span> <span class='ocrx_word' id='word_1_96' title='bbox 1318 2167 1440 2234; x_wconf 80' lang='lat' dir='ltr'><strong>solidos</strong></span> <span class='ocrx_word' id='word_1_97' title='bbox 1463 2169 1498 2258; x_wconf 75' lang='lat' dir='ltr'><strong>et</strong></span> 
     </span>
     <span class='ocr_line' id='line_1_14' title="bbox 445 2268 1496 2356; baseline -0.002 -20"><span class='ocrx_word' id='word_1_98' title='bbox 445 2276 587 2356; x_wconf 87' lang='lat' dir='ltr'><strong>quatuor</strong></span> <span class='ocrx_word' id='word_1_99' title='bbox 617 2271 775 2350; x_wconf 78' lang='lat' dir='ltr'><strong>denarios,</strong></span> <span class='ocrx_word' id='word_1_100' title='bbox 798 2277 833 2336; x_wconf 91' lang='lat' dir='ltr'><strong>et</strong></span> <span class='ocrx_word' id='word_1_101' title='bbox 863 2271 908 2336; x_wconf 91' lang='lat' dir='ltr'><strong>ad</strong></span> <span class='ocrx_word' id='word_1_102' title='bbox 940 2271 1062 2337; x_wconf 83' lang='lat' dir='ltr'><strong>festum</strong></span> <span class='ocrx_word' id='word_1_103' title='bbox 1086 2271 1286 2337; x_wconf 78' lang='lat' dir='ltr'><strong>Natiuitatis</strong></span> <span class='ocrx_word' id='word_1_104' title='bbox 1309 2271 1407 2336; x_wconf 81' lang='lat' dir='ltr'><strong>Beati</strong></span> <span class='ocrx_word' id='word_1_105' title='bbox 1438 2268 1496 2334; x_wconf 83' lang='lat' dir='ltr'><strong>Jo-</strong></span> 
     </span>
     <span class='ocr_line' id='line_1_15' title="bbox 444 2375 1496 2460; baseline -0.001 -21"><span class='ocrx_word' id='word_1_106' title='bbox 444 2375 564 2441; x_wconf 83' lang='lat' dir='ltr'><strong>hannis</strong></span> <span class='ocrx_word' id='word_1_107' title='bbox 587 2375 748 2460; x_wconf 81' lang='lat' dir='ltr'><strong>Baptistae</strong></span> <span class='ocrx_word' id='word_1_108' title='bbox 778 2380 846 2440; x_wconf 85' lang='lat' dir='ltr'><strong>tres</strong></span> <span class='ocrx_word' id='word_1_109' title='bbox 869 2375 990 2440; x_wconf 90' lang='lat' dir='ltr'><strong>solidos</strong></span> <span class='ocrx_word' id='word_1_110' title='bbox 1012 2379 1047 2440; x_wconf 88' lang='lat' dir='ltr'><strong>et</strong></span> <span class='ocrx_word' id='word_1_111' title='bbox 1081 2379 1223 2460; x_wconf 83' lang='lat' dir='ltr'><strong>quatuor</strong></span> <span class='ocrx_word' id='word_1_112' title='bbox 1245 2375 1406 2451; x_wconf 85' lang='lat' dir='ltr'><strong>denarios,</strong></span> <span class='ocrx_word' id='word_1_113' title='bbox 1436 2394 1496 2459; x_wconf 90' lang='lat' dir='ltr'><strong>pro</strong></span> 
     </span>
     <span class='ocr_line' id='line_1_16' title="bbox 445 2475 1496 2562; baseline -0.003 -19"><span class='ocrx_word' id='word_1_114' title='bbox 445 2477 536 2543; x_wconf 91' lang='lat' dir='ltr'><strong>omni</strong></span> <span class='ocrx_word' id='word_1_115' title='bbox 566 2477 704 2543; x_wconf 85' lang='lat' dir='ltr'><strong>servicio</strong></span> <span class='ocrx_word' id='word_1_116' title='bbox 735 2475 882 2553; x_wconf 73' lang='lat' dir='ltr'><strong>emulari,</strong></span> <span class='ocrx_word' id='word_1_117' title='bbox 905 2476 999 2542; x_wconf 71' lang='lat' dir='ltr'><strong>selvo</strong></span> <span class='ocrx_word' id='word_1_118' title='bbox 1030 2476 1133 2562; x_wconf 78' lang='lat' dir='ltr'><strong>reguli</strong></span> <span class='ocrx_word' id='word_1_119' title='bbox 1156 2477 1295 2543; x_wconf 86' lang='lat' dir='ltr'><strong>servicio</strong></span> <span class='ocrx_word' id='word_1_120' title='bbox 1328 2481 1363 2542; x_wconf 91' lang='lat' dir='ltr'><strong>et</strong></span> <span class='ocrx_word' id='word_1_121' title='bbox 1394 2475 1496 2541; x_wconf 88' lang='lat' dir='ltr'><strong>forin-</strong></span> 
     </span>
     <span class='ocr_line' id='line_1_17' title="bbox 446 2577 1495 2664; baseline -0.004 -19"><span class='ocrx_word' id='word_1_122' title='bbox 446 2601 527 2645; x_wconf 84' lang='lat' dir='ltr'><strong>seco.</strong></span> <span class='ocrx_word' id='word_1_123' title='bbox 573 2579 618 2644; x_wconf 85' lang='lat' dir='ltr'><strong>Et</strong></span> <span class='ocrx_word' id='word_1_124' title='bbox 648 2600 708 2643; x_wconf 90' lang='lat' dir='ltr'><strong>nos</strong></span> <span class='ocrx_word' id='word_1_125' title='bbox 738 2584 773 2643; x_wconf 90' lang='lat' dir='ltr'><strong>et</strong></span> <span class='ocrx_word' id='word_1_126' title='bbox 802 2599 1002 2645; x_wconf 83' lang='lat' dir='ltr'><strong>successores</strong></span> <span class='ocrx_word' id='word_1_127' title='bbox 1024 2578 1130 2644; x_wconf 88' lang='lat' dir='ltr'><strong>nostri</strong></span> <span class='ocrx_word' id='word_1_128' title='bbox 1160 2585 1267 2644; x_wconf 82' lang='lat' dir='ltr'><strong>totam</strong></span> <span class='ocrx_word' id='word_1_129' title='bbox 1301 2577 1495 2664; x_wconf 77' lang='lat' dir='ltr'><strong>praedictam</strong></span> 
     </span>
     <span class='ocr_line' id='line_1_18' title="bbox 446 2680 1494 2768; baseline -0.002 -22"><span class='ocrx_word' id='word_1_130' title='bbox 446 2687 567 2747; x_wconf 87' lang='lat' dir='ltr'><strong>terram</strong></span> <span class='ocrx_word' id='word_1_131' title='bbox 590 2702 665 2748; x_wconf 90' lang='lat' dir='ltr'><strong>cum</strong></span> <span class='ocrx_word' id='word_1_132' title='bbox 688 2680 840 2746; x_wconf 90' lang='lat' dir='ltr'><strong>omnibus</strong></span> <span class='ocrx_word' id='word_1_133' title='bbox 862 2681 1073 2768; x_wconf 86' lang='lat' dir='ltr'><strong>pertinentiis</strong></span> <span class='ocrx_word' id='word_1_134' title='bbox 1096 2681 1174 2759; x_wconf 89' lang='lat' dir='ltr'><strong>suis,</strong></span> <span class='ocrx_word' id='word_1_135' title='bbox 1196 2682 1284 2748; x_wconf 88' lang='lat' dir='ltr'><strong>sicut</strong></span> <span class='ocrx_word' id='word_1_136' title='bbox 1298 2680 1494 2766; x_wconf 82' lang='lat' dir='ltr'><strong>praedictum</strong></span> 
     </span>
     <span class='ocr_line' id='line_1_19' title="bbox 445 2781 1494 2870; baseline -0.003 -21"><span class='ocrx_word' id='word_1_137' title='bbox 445 2789 504 2861; x_wconf 86' lang='lat' dir='ltr'><strong>est,</strong></span> <span class='ocrx_word' id='word_1_138' title='bbox 526 2784 686 2870; x_wconf 81' lang='lat' dir='ltr'><strong>praedioto</strong></span> <span class='ocrx_word' id='word_1_139' title='bbox 717 2783 849 2849; x_wconf 90' lang='lat' dir='ltr'><strong>domino</strong></span> <span class='ocrx_word' id='word_1_140' title='bbox 872 2781 1039 2849; x_wconf 88' lang='lat' dir='ltr'><strong>Willelmo</strong></span> <span class='ocrx_word' id='word_1_141' title='bbox 1061 2789 1097 2848; x_wconf 92' lang='lat' dir='ltr'><strong>et</strong></span> <span class='ocrx_word' id='word_1_142' title='bbox 1127 2783 1302 2848; x_wconf 88' lang='lat' dir='ltr'><strong>heredibus</strong></span> <span class='ocrx_word' id='word_1_143' title='bbox 1324 2788 1359 2848; x_wconf 87' lang='lat' dir='ltr'><strong>et</strong></span> <span class='ocrx_word' id='word_1_144' title='bbox 1393 2783 1494 2868; x_wconf 79' lang='lat' dir='ltr'><strong>assig-</strong></span> 
     </span>
     <span class='ocr_line' id='line_1_20' title="bbox 444 2885 1494 2972; baseline -0.001 -20"><span class='ocrx_word' id='word_1_145' title='bbox 444 2886 533 2952; x_wconf 85' lang='lat' dir='ltr'><strong>natis</strong></span> <span class='ocrx_word' id='word_1_146' title='bbox 556 2887 624 2950; x_wconf 92' lang='lat' dir='ltr'><strong>suis</strong></span> <span class='ocrx_word' id='word_1_147' title='bbox 647 2891 763 2952; x_wconf 86' lang='lat' dir='ltr'><strong>oontrs</strong></span> <span class='ocrx_word' id='word_1_148' title='bbox 784 2905 897 2951; x_wconf 86' lang='lat' dir='ltr'><strong>omnes</strong></span> <span class='ocrx_word' id='word_1_149' title='bbox 919 2885 1075 2951; x_wconf 88' lang='lat' dir='ltr'><strong>mortales</strong></span> <span class='ocrx_word' id='word_1_150' title='bbox 1097 2885 1343 2972; x_wconf 72' lang='lat' dir='ltr'><strong>imperpetuum</strong></span> <span class='ocrx_word' id='word_1_151' title='bbox 1367 2905 1494 2951; x_wconf 78' lang='lat' dir='ltr'><strong>waran-</strong></span> 
     </span>
     <span class='ocr_line' id='line_1_21' title="bbox 442 2986 1493 3073; baseline -0.002 -19"><span class='ocrx_word' id='word_1_152' title='bbox 442 2988 619 3054; x_wconf 81' lang='lat' dir='ltr'><strong>tizabimus</strong></span> <span class='ocrx_word' id='word_1_153' title='bbox 652 2993 688 3052; x_wconf 88' lang='lat' dir='ltr'><strong>et</strong></span> <span class='ocrx_word' id='word_1_154' title='bbox 719 2987 939 3054; x_wconf 87' lang='lat' dir='ltr'><strong>defendemus.</strong></span> <span class='ocrx_word' id='word_1_155' title='bbox 984 2986 1026 3051; x_wconf 91' lang='lat' dir='ltr'><strong>In</strong></span> <span class='ocrx_word' id='word_1_156' title='bbox 1061 2988 1155 3073; x_wconf 84' lang='lat' dir='ltr'><strong>cujus</strong></span> <span class='ocrx_word' id='word_1_157' title='bbox 1188 2988 1235 3053; x_wconf 85' lang='lat' dir='ltr'><strong>rei</strong></span> <span class='ocrx_word' id='word_1_158' title='bbox 1266 2987 1493 3054; x_wconf 89' lang='lat' dir='ltr'><strong>testimonium</strong></span> 
     </span>
     <span class='ocr_line' id='line_1_22' title="bbox 443 3089 1495 3177; baseline 0 -23"><span class='ocrx_word' id='word_1_159' title='bbox 443 3091 505 3158; x_wconf 86' lang='lat' dir='ltr'><strong>hoe</strong></span> <span class='ocrx_word' id='word_1_160' title='bbox 527 3091 687 3177; x_wconf 82' lang='lat' dir='ltr'><strong>scriptum</strong></span> <span class='ocrx_word' id='word_1_161' title='bbox 717 3090 913 3176; x_wconf 88' lang='lat' dir='ltr'><strong>bipertitum</strong></span> <span class='ocrx_word' id='word_1_162' title='bbox 947 3089 1036 3154; x_wconf 88' lang='lat' dir='ltr'><strong>inter</strong></span> <span class='ocrx_word' id='word_1_163' title='bbox 1066 3110 1126 3156; x_wconf 93' lang='lat' dir='ltr'><strong>nos</strong></span> <span class='ocrx_word' id='word_1_164' title='bbox 1158 3095 1208 3156; x_wconf 87' lang='lat' dir='ltr'><strong>est</strong></span> <span class='ocrx_word' id='word_1_165' title='bbox 1240 3090 1436 3167; x_wconf 83' lang='lat' dir='ltr'><strong>confectum,</strong></span> <span class='ocrx_word' id='word_1_166' title='bbox 1461 3095 1495 3154; x_wconf 91' lang='lat' dir='ltr'><strong>et</strong></span> 
     </span>
     <span class='ocr_line' id='line_1_23' title="bbox 279 3190 1494 3280; baseline 0.002 -26"><span class='ocrx_word' id='word_1_167' title='bbox 279 3205 361 3258; x_wconf 71' lang='lat' dir='ltr'><strong>trra</strong></span> <span class='ocrx_word' id='word_1_168' title='bbox 374 3205 398 3256; x_wconf 80' lang='lat' dir='ltr'><strong>t.</strong></span> <span class='ocrx_word' id='word_1_169' title='bbox 443 3191 560 3280; x_wconf 83' lang='lat' dir='ltr'><strong>sigillis</strong></span> <span class='ocrx_word' id='word_1_170' title='bbox 594 3191 716 3257; x_wconf 86' lang='lat' dir='ltr'><strong>nostris</strong></span> <span class='ocrx_word' id='word_1_171' title='bbox 748 3191 939 3258; x_wconf 81' lang='lat' dir='ltr'><strong>sltemetim</strong></span> <span class='ocrx_word' id='word_1_172' title='bbox 976 3191 1131 3278; x_wconf 74' lang='lat' dir='ltr'><strong>appensis</strong></span> <span class='ocrx_word' id='word_1_173' title='bbox 1162 3191 1360 3258; x_wconf 88' lang='lat' dir='ltr'><strong>roboratum.</strong></span> <span class='ocrx_word' id='word_1_174' title='bbox 1419 3190 1494 3256; x_wconf 91' lang='lat' dir='ltr'><strong>Hiis</strong></span> 
     </span>
     <span class='ocr_line' id='line_1_24' title="bbox 444 3289 995 3372; baseline -0.005 -11"><span class='ocrx_word' id='word_1_175' title='bbox 444 3295 593 3372; x_wconf 87' lang='lat' dir='ltr'><strong>testibus,</strong></span> <span class='ocrx_word' id='word_1_176' title='bbox 617 3298 676 3360; x_wconf 88' lang='lat' dir='ltr'><strong>eto.</strong></span> <span class='ocrx_word' id='word_1_177' title='bbox 989 3289 995 3299; x_wconf 86' lang='grc'><em>“</em></span> 
     </span>
    </p>
   </div>
   <div class='ocr_carea' id='block_1_3' title="bbox 838 3591 1137 3661">
    <p class='ocr_par' dir='ltr' id='par_1_3' title="bbox 838 3591 1137 3661">
     <span class='ocr_line' id='line_1_25' title="bbox 838 3591 1137 3661; baseline 0.003 -2"><span class='ocrx_word' id='word_1_178' title='bbox 838 3592 918 3661; x_wconf 74' lang='lat' dir='ltr'><strong>Chr.</strong></span> <span class='ocrx_word' id='word_1_179' title='bbox 943 3591 1137 3660; x_wconf 83' lang='lat' dir='ltr'>OCOGXII.</span> 
     </span>
    </p>
   </div>
   <div class='ocr_carea' id='block_1_4' title="bbox 502 3759 1451 3952">
    <p class='ocr_par' dir='ltr' id='par_1_4' title="bbox 502 3759 1451 3952">
     <span class='ocr_line' id='line_1_26' title="bbox 502 3759 1451 3833; baseline -0.003 0"><span class='ocrx_word' id='word_1_180' title='bbox 502 3767 606 3833; x_wconf 75' lang='lat' dir='ltr'><strong>Cotto</strong></span> <span class='ocrx_word' id='word_1_181' title='bbox 628 3761 766 3830; x_wconf 79' lang='lat' dir='ltr'><strong>domiui</strong></span> <span class='ocrx_word' id='word_1_182' title='bbox 789 3759 919 3828; x_wconf 78' lang='lat' dir='ltr'><strong>obtutis</strong></span> <span class='ocrx_word' id='word_1_183' title='bbox 941 3767 971 3828; x_wconf 84' lang='lat' dir='ltr'><strong>et</strong></span> <span class='ocrx_word' id='word_1_184' title='bbox 989 3759 1173 3830; x_wconf 68' lang='lat' dir='ltr'><strong>&#39;moestos</strong></span> <span class='ocrx_word' id='word_1_185' title='bbox 1198 3759 1451 3830; x_wconf 70' lang='lat' dir='ltr'><strong>Mahresbcrtoe</strong></span> 
     </span>
     <span class='ocr_line' id='line_1_27' title="bbox 734 3862 1191 3952; baseline -0.007 -20"><span class='ocrx_word' id='word_1_186' title='bbox 734 3863 831 3952; x_wconf 80' lang='lat' dir='ltr'><strong>sacta</strong></span> <span class='ocrx_word' id='word_1_187' title='bbox 858 3863 1000 3932; x_wconf 63' lang='lat' dir='ltr'><strong>Walters</strong></span> <span class='ocrx_word' id='word_1_188' title='bbox 1025 3862 1191 3951; x_wconf 56' lang='lat' dir='ltr'><strong>repeto.</strong></span> 
     </span>
    </p>
   </div>
   <div class='ocr_carea' id='block_1_5' title="bbox 278 4014 1493 4103">
    <p class='ocr_par' dir='ltr' id='par_1_5' title="bbox 278 4014 1493 4103">
     <span class='ocr_line' id='line_1_28' title="bbox 278 4014 1493 4103; baseline 0.001 -21"><span class='ocrx_word' id='word_1_189' title='bbox 278 4031 424 4084; x_wconf 70' lang='lat' dir='ltr'><strong>crantore</strong></span> <span class='ocrx_word' id='word_1_190' title='bbox 489 4019 664 4087; x_wconf 87' lang='lat' dir='ltr'><strong>Universis</strong></span> <span class='ocrx_word' id='word_1_191' title='bbox 689 4015 814 4082; x_wconf 82' lang='lat' dir='ltr'><strong>Christi</strong></span> <span class='ocrx_word' id='word_1_192' title='bbox 837 4014 989 4081; x_wconf 89' lang='lat' dir='ltr'><strong>fidelibus</strong></span> <span class='ocrx_word' id='word_1_193' title='bbox 1012 4036 1155 4101; x_wconf 71' lang='lat' dir='ltr'><strong>praesens</strong></span> <span class='ocrx_word' id='word_1_194' title='bbox 1185 4014 1344 4100; x_wconf 85' lang='lat' dir='ltr'><strong>seriptum</strong></span> <span class='ocrx_word' id='word_1_195' title='bbox 1367 4015 1493 4103; x_wconf 87' lang='lat' dir='ltr'><strong>inspec-</strong></span> 
     </span>
    </p>
   </div>
   <div class='ocr_carea' id='block_1_6' title="bbox 278 4099 1493 4226">
    <p class='ocr_par' dir='ltr' id='par_1_6' title="bbox 278 4099 1493 4226">
     <span class='ocr_line' id='line_1_29' title="bbox 278 4099 1493 4226; baseline 0 -41"><span class='ocrx_word' id='word_1_196' title='bbox 278 4099 417 4226; x_wconf 57' lang='lat' dir='ltr'><strong>ms„</strong></span> <span class='ocrx_word' id='word_1_197' title='bbox 447 4125 540 4202; x_wconf 75' lang='lat' dir='ltr'><strong>uss,</strong></span> <span class='ocrx_word' id='word_1_198' title='bbox 557 4120 742 4186; x_wconf 72' lang='lat' dir='ltr'><strong>wuremus</strong></span> <span class='ocrx_word' id='word_1_199' title='bbox 762 4116 826 4183; x_wconf 75' lang='lat' dir='ltr'><strong>ne</strong></span> <span class='ocrx_word' id='word_1_200' title='bbox 841 4118 950 4203; x_wconf 73' lang='lat' dir='ltr'><strong>gretia</strong></span> <span class='ocrx_word' id='word_1_201' title='bbox 964 4117 1067 4183; x_wconf 65' lang='lat' dir='ltr'><strong>subs</strong></span> <span class='ocrx_word' id='word_1_202' title='bbox 1083 4115 1334 4196; x_wconf 68' lang='lat' dir='ltr'><strong>nemeseusae,</strong></span> <span class='ocrx_word' id='word_1_203' title='bbox 1352 4124 1386 4183; x_wconf 72' lang='lat' dir='ltr'><strong>et</strong></span> <span class='ocrx_word' id='word_1_204' title='bbox 1407 4119 1493 4203; x_wconf 70' lang='lat' dir='ltr'><strong>ejus-</strong></span> 
     </span>
    </p>
   </div>
   <div class='ocr_carea' id='block_1_7' title="bbox 277 4219 1495 4394">
    <p class='ocr_par' dir='ltr' id='par_1_7' title="bbox 277 4219 1495 4394">
     <span class='ocr_line' id='line_1_30' title="bbox 277 4219 1493 4297; baseline -0.005 -5"><span class='ocrx_word' id='word_1_205' title='bbox 277 4229 430 4283; x_wconf 74' lang='lat' dir='ltr'><strong>Burnevne.</strong></span> <span class='ocrx_word' id='word_1_206' title='bbox 448 4228 523 4293; x_wconf 92' lang='lat' dir='ltr'><strong>dem</strong></span> <span class='ocrx_word' id='word_1_207' title='bbox 561 4223 625 4290; x_wconf 90' lang='lat' dir='ltr'><strong>loci</strong></span> <span class='ocrx_word' id='word_1_208' title='bbox 662 4224 854 4297; x_wconf 86' lang='lat' dir='ltr'><strong>conventus,</strong></span> <span class='ocrx_word' id='word_1_209' title='bbox 885 4221 1026 4286; x_wconf 84' lang='lat' dir='ltr'><strong>salutem</strong></span> <span class='ocrx_word' id='word_1_210' title='bbox 1064 4225 1222 4284; x_wconf 83' lang='lat' dir='ltr'><strong>aeternsm</strong></span> <span class='ocrx_word' id='word_1_211' title='bbox 1263 4220 1299 4284; x_wconf 93' lang='lat' dir='ltr'><strong>in</strong></span> <span class='ocrx_word' id='word_1_212' title='bbox 1341 4219 1493 4287; x_wconf 84' lang='lat' dir='ltr'><strong>Domine.</strong></span> 
     </span>
     <span class='ocr_line' id='line_1_31' title="bbox 448 4321 1495 4394; baseline -0.004 -2"><span class='ocrx_word' id='word_1_213' title='bbox 448 4327 591 4394; x_wconf 87' lang='lat' dir='ltr'><strong>Noverit</strong></span> <span class='ocrx_word' id='word_1_214' title='bbox 629 4324 828 4388; x_wconf 88' lang='lat' dir='ltr'><strong>universitas</strong></span> <span class='ocrx_word' id='word_1_215' title='bbox 866 4326 978 4386; x_wconf 82' lang='lat' dir='ltr'><strong>vestre</strong></span> <span class='ocrx_word' id='word_1_216' title='bbox 1015 4341 1076 4386; x_wconf 91' lang='lat' dir='ltr'><strong>nos</strong></span> <span class='ocrx_word' id='word_1_217' title='bbox 1114 4321 1309 4387; x_wconf 85' lang='lat' dir='ltr'><strong>concessisse</strong></span> <span class='ocrx_word' id='word_1_218' title='bbox 1347 4321 1495 4388; x_wconf 86' lang='lat' dir='ltr'><strong>Waltero</strong></span> 
     </span>
    </p>
   </div>
   <div class='ocr_carea' id='block_1_8' title="bbox 341 4423 1496 4822">
    <p class='ocr_par' dir='ltr' id='par_1_8' title="bbox 341 4423 1496 4822">
     <span class='ocr_line' id='line_1_32' title="bbox 341 4423 1495 4514; baseline -0.004 -19"><span class='ocrx_word' id='word_1_219' title='bbox 341 4467 343 4472; x_wconf 67' lang='lat'>,</span> <span class='ocrx_word' id='word_1_220' title='bbox 447 4429 573 4514; x_wconf 70' lang='lat' dir='ltr'><strong>Toriyn</strong></span> <span class='ocrx_word' id='word_1_221' title='bbox 610 4427 651 4491; x_wconf 90' lang='lat' dir='ltr'><strong>de</strong></span> <span class='ocrx_word' id='word_1_222' title='bbox 683 4423 848 4490; x_wconf 83' lang='lat' dir='ltr'><strong>Hereford</strong></span> <span class='ocrx_word' id='word_1_223' title='bbox 885 4423 977 4488; x_wconf 83' lang='lat' dir='ltr'><strong>illem</strong></span> <span class='ocrx_word' id='word_1_224' title='bbox 1015 4423 1162 4508; x_wconf 76' lang='lat' dir='ltr'><strong>placeam</strong></span> <span class='ocrx_word' id='word_1_225' title='bbox 1196 4445 1270 4508; x_wconf 80' lang='lat' dir='ltr'><strong>quse</strong></span> <span class='ocrx_word' id='word_1_226' title='bbox 1305 4427 1356 4488; x_wconf 90' lang='lat' dir='ltr'><strong>est</strong></span> <span class='ocrx_word' id='word_1_227' title='bbox 1394 4445 1495 4511; x_wconf 88' lang='lat' dir='ltr'><strong>prope</strong></span> 
     </span>
     <span class='ocr_line' id='line_1_33' title="bbox 445 4525 1494 4614; baseline -0.008 -16"><span class='ocrx_word' id='word_1_228' title='bbox 445 4547 577 4614; x_wconf 82' lang='lat' dir='ltr'><strong>domum</strong></span> <span class='ocrx_word' id='word_1_229' title='bbox 602 4534 636 4594; x_wconf 89' lang='lat' dir='ltr'><strong>et</strong></span> <span class='ocrx_word' id='word_1_230' title='bbox 658 4526 828 4595; x_wconf 89' lang='lat' dir='ltr'><strong>curtillum</strong></span> <span class='ocrx_word' id='word_1_231' title='bbox 851 4525 991 4591; x_wconf 79' lang='lat' dir='ltr'><strong>Walteri</strong></span> <span class='ocrx_word' id='word_1_232' title='bbox 1014 4525 1055 4590; x_wconf 91' lang='lat' dir='ltr'><strong>de</strong></span> <span class='ocrx_word' id='word_1_233' title='bbox 1078 4525 1250 4592; x_wconf 86' lang='lat' dir='ltr'><strong>Northone</strong></span> <span class='ocrx_word' id='word_1_234' title='bbox 1273 4547 1388 4590; x_wconf 87' lang='lat' dir='ltr'><strong>versus</strong></span> <span class='ocrx_word' id='word_1_235' title='bbox 1411 4527 1494 4592; x_wconf 91' lang='lat' dir='ltr'><strong>Bur-</strong></span> 
     </span>
     <span class='ocr_line' id='line_1_34' title="bbox 443 4628 1496 4715; baseline -0.006 -14"><span class='ocrx_word' id='word_1_236' title='bbox 443 4635 550 4702; x_wconf 84' lang='lat' dir='ltr'><strong>neval.</strong></span> <span class='ocrx_word' id='word_1_237' title='bbox 606 4632 689 4712; x_wconf 78' lang='lat' dir='ltr'><strong>Quae</strong></span> <span class='ocrx_word' id='word_1_238' title='bbox 723 4628 856 4714; x_wconf 91' lang='lat' dir='ltr'><strong>quidem</strong></span> <span class='ocrx_word' id='word_1_239' title='bbox 888 4628 1001 4715; x_wconf 81' lang='lat' dir='ltr'><strong>places</strong></span> <span class='ocrx_word' id='word_1_240' title='bbox 1031 4628 1180 4694; x_wconf 88' lang='lat' dir='ltr'><strong>continet</strong></span> <span class='ocrx_word' id='word_1_241' title='bbox 1213 4629 1249 4692; x_wconf 93' lang='lat' dir='ltr'><strong>in</strong></span> <span class='ocrx_word' id='word_1_242' title='bbox 1286 4628 1496 4714; x_wconf 86' lang='lat' dir='ltr'><strong>longitudine</strong></span> 
     </span>
     <span class='ocr_line' id='line_1_35' title="bbox 443 4730 1496 4822; baseline -0.006 -20"><span class='ocrx_word' id='word_1_243' title='bbox 443 4737 617 4822; x_wconf 77' lang='lat' dir='ltr'><strong>sexaginta</strong></span> <span class='ocrx_word' id='word_1_244' title='bbox 640 4739 675 4798; x_wconf 91' lang='lat' dir='ltr'><strong>et</strong></span> <span class='ocrx_word' id='word_1_245' title='bbox 701 4731 950 4818; x_wconf 82' lang='lat' dir='ltr'><strong>quatuordecim</strong></span> <span class='ocrx_word' id='word_1_246' title='bbox 982 4731 1088 4816; x_wconf 86' lang='lat' dir='ltr'><strong>pedes,</strong></span> <span class='ocrx_word' id='word_1_247' title='bbox 1112 4735 1148 4796; x_wconf 90' lang='lat' dir='ltr'><strong>et</strong></span> <span class='ocrx_word' id='word_1_248' title='bbox 1178 4731 1214 4794; x_wconf 91' lang='lat' dir='ltr'><strong>in</strong></span> <span class='ocrx_word' id='word_1_249' title='bbox 1246 4730 1426 4796; x_wconf 90' lang='lat' dir='ltr'><strong>latitudine</strong></span> <span class='ocrx_word' id='word_1_250' title='bbox 1459 4733 1496 4797; x_wconf 90' lang='lat' dir='ltr'><strong>in</strong></span> 
     </span>
    </p>
   </div>
   <div class='ocr_carea' id='block_1_9' title="bbox 0 0 1768 5810">
    <p class='ocr_par' dir='ltr' id='par_1_9' title="bbox 0 0 1768 5810">
     <span class='ocr_line' id='line_1_36' title="bbox 0 0 1768 5810; baseline 0 0"><span class='ocrx_word' id='word_1_251' title='bbox 0 0 1768 5810; x_wconf 95' lang='lat' dir='ltr'><strong> </strong></span> 
     </span>
    </p>
   </div>
  </div>
 </body>
</html>
