3578 5808
468 833 511 896 18
720 845 917 896 suorsrumr
941 845 1267 896 uiuumsummsa

885 1173 964 1240 CAP.
991 1172 1105 1238 CLVI.

630 1331 679 1426 Dc
702 1358 842 1424 decimis
863 1358 903 1423 in
926 1355 1092 1443 parochio
1115 1357 1155 1421 dc
1177 1355 1351 1440 Bcohione.

297 1558 424 1608 'rithesof
513 1547 686 1612 Universis
709 1551 831 1610 sanctae
854 1546 970 1610 matris
985 1544 1129 1610 ecclesiae
1152 1544 1230 1607 filiis
1253 1565 1398 1629 praesens
1421 1545 1520 1630 scrip-

297 1626 455 1690 Broughton.
469 1657 540 1715 tum
579 1648 784 1733 inspecturis,
818 1647 849 1712 J.
883 1646 944 1710 Dei
984 1647 1092 1729 gratia
1126 1645 1227 1710 abbas
1265 1651 1300 1710 et
1338 1653 1521 1711 conventus

468 1749 718 1824 Malmesburiae,
734 1755 768 1812 et
790 1748 946 1832 magister
969 1748 1011 1812 H.
1035 1748 1076 1811 de
1093 1746 1249 1831 Wyltone
1273 1747 1521 1812 archidiaconus

468 1853 627 1928 Tantone,
649 1856 756 1915 rector
778 1849 911 1935 capellae
935 1850 975 1913 de
1003 1849 1174 1924 Broctone,
1198 1854 1356 1914 aeternam
1389 1849 1425 1913 in
1452 1850 1519 1914 Do-

467 1955 558 2018 mino
588 1953 736 2017 salutem.
801 1951 943 2015 Noverit
974 1952 1174 2016 universitas
1198 1957 1309 2015 vestra
1333 1952 1518 2035 quodcum

466 2057 524 2121 diu
557 2055 775 2119 ventilaretur
812 2054 901 2117 inter
934 2073 994 2117 nos
1027 2052 1226 2118 auctoritate
1260 2052 1386 2116 domini
1421 2053 1519 2138 Papae

465 2157 604 2243 quaestio
642 2178 741 2240 super
771 2154 907 2220 decimis
942 2160 1037 2218 terne
1071 2153 1230 2218 Willelnri
1269 2153 1331 2217 filii
1366 2154 1460 2229 Adae,
1483 2157 1518 2219 in

464 2257 619 2344 parochia
641 2259 682 2322 de
706 2257 876 2332 Broctone,
899 2256 1034 2320 tandem
1058 2255 1342 2340 compromisimus
1370 2256 1405 2319 in
1431 2258 1518 2322 viros

465 2360 667 2424 venerabiles
698 2359 872 2444 magistros
909 2358 951 2420 H.
976 2357 1135 2442 Teyssun,
1159 2363 1194 2421 et
1217 2357 1259 2421 H.
1284 2357 1325 2421 de
1349 2357 1518 2444 Bissopes-

464 2469 551 2537 tone,
577 2461 750 2526 canonicos
781 2460 910 2536 Sarum,
940 2460 1080 2524 firmiter
1106 2466 1141 2524 ct
1170 2460 1205 2523 in
1228 2460 1331 2524 verbo
1363 2459 1426 2526 Dei
1459 2483 1518 2526 nos

463 2563 655 2648 obligantes,
672 2563 759 2646 quod
782 2583 895 2626 eorum
919 2560 1161 2626 ordinationem
1186 2582 1286 2646 super
1309 2561 1408 2626 dictis
1432 2563 1517 2628 deci-

462 2666 525 2729 mis
548 2666 618 2729 sine
642 2665 730 2728 omni
755 2663 965 2728 cavillatione
988 2669 1168 2740 staremus3
1196 2663 1253 2746 qui
1277 2665 1519 2730 communicato

465 2767 611 2830 virorum
635 2765 837 2851 prudentum
860 2764 1007 2840 consilio,
1030 2769 1065 2828 et
1088 2764 1129 2828 de
1152 2784 1312 2828 consensu
1335 2771 1447 2829 nostro
1471 2767 1518 2832 sic

463 2870 719 2946 ordinaverunt3
749 2867 837 2953 quod
867 2868 1103 2932 monasterium
1135 2866 1377 2931 Malmesburiae
1405 2889 1517 2934 ornnes

462 2973 603 3038 decimas
638 2973 719 3037 dicti
754 2971 912 3035 Willelmi
947 2970 1007 3034 filii
1043 2970 1126 3034 ndae
1159 2970 1326 3055 percipiet,
1360 2971 1517 3039 solvendo

461 3077 594 3140 nomine
627 3074 771 3158 Capelhe
803 3074 1047 3158 imperpetuum
1080 3071 1251 3136 dimidiam
1287 3093 1431 3138 marcam
1465 3098 1516 3139 ar-

305 3220 311 3233 ·
341 3189 382 3232 2⁵·
460 3179 553 3262 genti
577 3176 750 3242 annuatim
779 3175 924 3239 infesto
955 3175 1067 3239 Sancti
1095 3174 1265 3238 Michaelis
1295 3176 1386 3260 apud
1419 3178 1516 3244 Broc-

462 3285 547 3342 tonc.
594 3278 664 3342 Nos
691 3278 795 3362 igitur
812 3298 924 3340 eorum
948 3275 1189 3341 ordinationem
1212 3281 1320 3340 ratam
1336 3287 1371 3342 et
1386 3285 1514 3364 gratam

460 3379 629 3455 habentes,
663 3385 696 3442 et
733 3378 881 3443 volentes
919 3382 958 3442 ut
993 3379 1186 3444 inconcussa
1219 3387 1420 3464 permaneat,
1442 3404 1515 3447 eam

461 3481 615 3565 praesenti
653 3480 775 3565 scripto
814 3480 850 3543 in
880 3481 1013 3544 modum
1056 3479 1252 3565 cyrographi
1290 3481 1448 3561 confecto,
1481 3490 1516 3550 ct

460 3581 644 3667 sigillorum
666 3586 852 3646 nostrorum
875 3582 1081 3667 appositione
1104 3581 1393 3647 corroboravimus.

868 3945 947 4012 Onu.
973 3945 1104 4011 CLVII.

458 4127 507 4192 De
522 4127 632 4214 firmo
658 4123 789 4190 tradito
816 4122 934 4210 prioci
961 4122 1000 4188 dc
1023 4123 1216 4189 Kenilwrdh
1246 4147 1350 4212 anper
1370 4129 1512 4196 decimis

859 4228 899 4294 de
924 4228 1104 4294 Nicoebold.

288 4417 409 4468 Farmof
502 4406 664 4473 Omnibus
686 4404 729 4469 ad
744 4425 825 4488 quos
848 4423 991 4488 praesens
1014 4403 1173 4487 scriptum
1196 4406 1392 4488 pervenerit.
1440 4407 1511 4474 Ma-

285 4483 435 4601 ffissfffl
456 4511 559 4596 gister
581 4506 746 4572 Robcrtus
769 4505 809 4568 de
834 4502 994 4586 Wylesbi,
1016 4501 1163 4568 officialis
1197 4503 1421 4571 archidiaconi
1447 4509 1510 4575 Oo-

458 4610 650 4685 vernensis,
673 4613 708 4672 et
734 4605 891 4693 magister
914 4605 951 4668 R.
970 4605 1010 4668 de
1026 4604 1164 4690 Lymes’,
1187 4609 1222 4670 et
1237 4605 1275 4672 R.
1299 4607 1444 4674 decanus
1467 4610 1509 4675 de

457 4711 625 4797 Stanleya,
641 4709 781 4775 salutem
803 4708 839 4771 in
862 4705 1013 4772 Domino.
1046 4707 1113 4771 ·Ad
1137 4707 1365 4774 universitatis
1389 4717 1509 4778 vestrae
