3566 5820
437 868 501 931 138
692 885 889 933 neorsrnun
913 883 1233 934 menusanmnnsa.

435 1066 506 1132 Deo
541 1069 770 1146 servientibus
795 1090 895 1134 unam
930 1070 1069 1156 forgiam
1101 1092 1175 1134 oum
1208 1070 1361 1135 omuibus
1384 1071 1485 1156 perti·

436 1169 557 1234 nentiis
580 1170 649 1234 suis
672 1176 768 1235 extra
801 1181 930 1255 portam
962 1170 1196 1237 occidentalem
1221 1171 1310 1238 villae
1334 1171 1484 1236 Malmes·

436 1271 549 1347 buriae,
571 1278 606 1337 et
629 1278 737 1337 totum
762 1277 992 1338 tenementum
1015 1279 1168 1338 nostrum
1193 1273 1281 1358 quod
1303 1272 1483 1338 habuimus

435 1373 470 1437 in
505 1374 662 1438 suburbio
695 1374 783 1438 villae
826 1374 1077 1452 Malmesbun'ae,
1110 1375 1147 1438 in
1182 1374 1292 1440 viculo
1331 1375 1388 1440 illo
1426 1375 1484 1458 qni

434 1482 571 1541 vocatur
593 1476 768 1551 Burneval,
803 1476 890 1539 inter·
913 1481 1136 1540 tenementum
1162 1476 1328 1561 quondam
1352 1475 1483 1542 Ricardi

319 1570 321 1575 ’
433 1575 533 1652 Balle,
567 1583 601 1640 et
632 1576 856 1662 curtillagium
890 1577 1035 1642 sacristae
1069 1576 1213 1642 ecclesiis
1246 1581 1390 1642 nostrae:
1423 1575 1484 1640 ha·

433 1677 540 1742 benda
574 1683 607 1742 et
641 1678 784 1744 tenenda
818 1678 1011 1763 praedictam
1044 1677 1183 1764 forgiam
1219 1683 1254 1743 et
1287 1679 1482 1764 praedictum

432 1785 667 1855 tenementum,
700 1800 772 1846 oum
809 1777 1004 1864 cartillagio,
1029 1783 1062 1843 et
1096 1779 1250 1844 omuibus
1284 1779 1359 1845 aliis
1383 1781 1485 1866 perti-

431 1882 554 1946 nentiis
588 1883 665 1958 suis,
689 1881 856 1967 praedictis
887 1881 1000 1946 abbati
1025 1887 1059 1946 et
1090 1882 1279 1959 conventui,
1304 1887 1338 1946 et
1371 1903 1483 1948 eorum

432 1984 677 2060 suecessoribus,
727 1984 827 2048 libere
873 1989 907 2048 et
946 1983 1065 2069 quiete,
1103 1977 1241 2070 integre
1271 1989 1305 2048 et
1343 1984 1484 2070 pacifice,

433 2085 693 2172 imperpetuum:
731 2085 897 2150 reddendo
941 2085 1115 2149 annuatim
1164 2085 1207 2149 ad
1251 2084 1482 2152 candelabrum

433 2193 511 2252 ante
542 2185 645 2252 altare
677 2186 772 2251 Beati
808 2185 975 2250 Aidhelmi
1009 2209 1067 2250 sex
1091 2185 1250 2262 denarios,
1285 2187 1328 2250 ad
1362 2186 1482 2252 festum

434 2289 547 2353 Sancti
582 2288 761 2365 Michaelis,
795 2295 829 2352 et
870 2288 1013 2353 san-isus
1043 2287 1287 2360 Malruesburiae
1319 2287 1483 2352 sexdecim

432 2389 582 2455 denarios
629 2395 663 2454 et
711 2389 842 2454 obolum
888 2389 931 2454 ad
980 2389 1098 2452 festum
1146 2389 1260 2453 Sancti
1307 2387 1485 2464 Aldhelmi,

431 2513 490 2576 pro
529 2491 618 2557 omni
652 2491 790 2556 servicio
837 2489 984 2566 seculari,
1028 2491 1199 2556 exactione
1239 2495 1273 2553 et
1310 2489 1481 2554 demanda.

432 2594 501 2658 Nos
535 2617 612 2660 vero
646 2600 680 2658 et
713 2593 849 2659 heredes
889 2593 993 2657 nostri
1027 2592 1217 2678 praedictam
1257 2592 1405 2678 forgiam,
1449 2596 1483 2655 et

430 2695 623 2779 praedictum
658 2700 892 2770 tenementum,
927 2716 1001 2758 cum
1034 2693 1219 2778 curtillagio
1258 2698 1292 2758 et
1329 2692 1482 2758 omnibus

429 2795 503 2860 aliis
535 2797 745 2884 pertinentiis
778 2795 855 2871 suis,
890 2795 1057 2881 praedictis
1090 2795 1203 2860 abbati
1236 2799 1270 2858 et
1304 2793 1482 2859 couventui

431 2903 598 2965 eteorum
631 2897 869 2965 successoribus
893 2904 1008 2962 contra
1031 2919 1143 2962 omnes
1175 2895 1330 2961 mortales
1354 2917 1481 2962 waran-

429 3000 604 3066 tizabimus
626 3002 876 3088 imperpetuum.

474 3101 519 3166 Et
541 3109 580 3167 ut
602 3100 673 3167 haee
695 3107 807 3166 nostr-a
834 3101 968 3164 donatio
991 3106 1025 3164 et
1048 3099 1211 3164 concessio
1245 3098 1345 3163 robur
1366 3119 1482 3184 perpe-

428 3203 559 3269 tuitatis
587 3204 768 3290 optineant,
792 3203 877 3268 hane
900 3207 1023 3267 cartam
1048 3201 1170 3265 eisdem
1194 3200 1307 3266 abbati
1339 3204 1374 3265 et
1395 3221 1471 3266 oon-

429 3307 545 3369 ventui
569 3306 714 3382 fecimus,
738 3310 772 3371 et
794 3303 913 3390 sigillis
937 3304 1058 3369 nostris
1081 3303 1301 3389 signavimus

830 3542 910 3608 OAP.
936 3541 1133 3608 CCLXXII.

449 3695 472 3760 I
474 3701 546 3761 uter
567 3693 719 3760 cobbotcm
741 3691 994 3757 statuentium
1017 3697 1046 3755 et
1069 3689 1295 3776 Rudulpbum
1317 3688 1480 3756 Maresoul

769 3801 799 3859 et
822 3791 977 3858 niniam
999 3813 1138 3858 aucorem
1161 3791 1240 3876 ojus.

472 3949 555 4014 Haec
592 3951 643 4012 est
665 3944 773 4010 finalis
808 3943 982 4010 concordia
1019 3944 1108 4008 faeta
1147 3944 1183 4008 in
1216 3943 1309 4008 ouria
1352 3941 1477 4008 domini

275 4048 289 4080 ⁰
322 4069 328 4081 ·
427 4053 512 4138 regis
556 4050 645 4135 apud
680 4047 845 4132 Wyltone,
869 4047 905 4109 in
937 4045 1063 4111 octabis
1087 4045 1330 4110 Purificatiouis
1365 4044 1477 4110 Beatse

427 4155 549 4231 Mariae,
574 4173 660 4217 anno
693 4150 787 4235 regni
821 4148 907 4234 regis
930 4148 1076 4224 Henrici,
1101 4147 1163 4211 filii
1196 4147 1282 4234 regis
1304 4146 1477 4222 Johannis,

426 4254 697 4341 quinquagesimo
721 4251 872 4326 secundo
896 4272 1005 4315 coram
1022 4247 1183 4314 Nicholao
1207 4249 1246 4312 de
1262 4247 1369 4325 Turni,
1385 4248 1477 4313 Hen-

426 4356 492 4422 rioo
527 4355 566 4419 de
591 4350 783 4418 Monteforti
819 4352 859 4414 de
883 4351 1054 4435 Fanrleye,
1077 4350 1235 4434 magistro
1271 4349 1413 4414 Ricardo
1436 4348 1477 4412 de

426 4459 554 4534 Stanes,
576 4461 611 4520 et
643 4453 787 4520 Henrieo
822 4455 863 4517 de
895 4451 1113 4536 Wollampne‚
1143 4449 1340 4536 justiciariis
1377 4451 1476 4516 itine-

425 4558 585 4636 rantibus,
609 4562 643 4620 et
665 4555 752 4621 aliis·
765 4555 890 4620 domini
924 4553 1011 4640 regis
1034 4553 1187 4617 fidelibus
1210 4558 1291 4617 tunc
1322 4550 1371 4615 ibi
1395 4571 1477 4638 prae·

424 4661 581 4737 sentibus,
615 4660 705 4724 inter·
739 4657 943 4723 Willelmmn
979 4657 1132 4722 abbatem
1166 4655 1207 4720 de
1243 4653 1476 4720 Malmesburia
