<?xml version="1.0" encoding="UTF-8"?>
<!DOCTYPE html PUBLIC "-//W3C//DTD XHTML 1.0 Transitional//EN"
    "http://www.w3.org/TR/xhtml1/DTD/xhtml1-transitional.dtd">
<html xmlns="http://www.w3.org/1999/xhtml" xml:lang="en" lang="en">
 <head>
  <title>
</title>
<meta http-equiv="Content-Type" content="text/html;charset=utf-8" />
  <meta name='ocr-system' content='tesseract 3.04.00' />
  <meta name='ocr-capabilities' content='ocr_page ocr_carea ocr_par ocr_line ocrx_word'/>
</head>
<body>
  <div class='ocr_page' id='page_1' title='image "./registrummalmes00martgoog_0441.png"; bbox 0 0 3524 5808; ppageno 0'>
   <div class='ocr_carea' id='block_1_1' title="bbox 523 823 1329 898">
    <p class='ocr_par' dir='ltr' id='par_1_1' title="bbox 523 823 1329 898">
     <span class='ocr_line' id='line_1_1' title="bbox 523 823 1329 898; baseline -0.006 -2"><span class='ocrx_word' id='word_1_1' title='bbox 523 844 722 898; x_wconf 81' lang='lat' dir='ltr'><strong>nnmsrnuu</strong></span> <span class='ocrx_word' id='word_1_2' title='bbox 747 843 1071 896; x_wconf 72' lang='lat' dir='ltr'><strong>uanussaumnnsn.</strong></span> <span class='ocrx_word' id='word_1_3' title='bbox 1263 823 1329 891; x_wconf 82' lang='lat'><strong>347</strong></span> 
     </span>
    </p>
   </div>
   <div class='ocr_carea' id='block_1_2' title="bbox 271 1033 1437 3676">
    <p class='ocr_par' dir='ltr' id='par_1_2' title="bbox 271 1033 1437 3676">
     <span class='ocr_line' id='line_1_2' title="bbox 273 1033 1331 1122; baseline -0.008 -22"><span class='ocrx_word' id='word_1_4' title='bbox 273 1034 370 1100; x_wconf 87' lang='lat' dir='ltr'><strong>dibus</strong></span> <span class='ocrx_word' id='word_1_5' title='bbox 393 1034 470 1112; x_wconf 87' lang='lat' dir='ltr'><strong>suis,</strong></span> <span class='ocrx_word' id='word_1_6' title='bbox 486 1035 574 1121; x_wconf 93' lang='lat' dir='ltr'><strong>quod</strong></span> <span class='ocrx_word' id='word_1_7' title='bbox 597 1034 747 1122; x_wconf 75' lang='lat' dir='ltr'><strong>praedicti</strong></span> <span class='ocrx_word' id='word_1_8' title='bbox 770 1033 872 1100; x_wconf 84' lang='lat' dir='ltr'><strong>abbas</strong></span> <span class='ocrx_word' id='word_1_9' title='bbox 895 1038 930 1098; x_wconf 86' lang='lat' dir='ltr'><strong>et</strong></span> <span class='ocrx_word' id='word_1_10' title='bbox 951 1035 1134 1098; x_wconf 87' lang='lat' dir='ltr'><strong>conventus</strong></span> <span class='ocrx_word' id='word_1_11' title='bbox 1157 1035 1192 1095; x_wconf 84' lang='lat' dir='ltr'><strong>et</strong></span> <span class='ocrx_word' id='word_1_12' title='bbox 1206 1049 1331 1093; x_wconf 86' lang='lat' dir='ltr'><strong>succes-</strong></span> 
     </span>
     <span class='ocr_line' id='line_1_3' title="bbox 271 1133 1333 1221; baseline -0.007 -19"><span class='ocrx_word' id='word_1_13' title='bbox 271 1159 359 1204; x_wconf 88' lang='lat' dir='ltr'><strong>sores</strong></span> <span class='ocrx_word' id='word_1_14' title='bbox 392 1139 451 1216; x_wconf 92' lang='lat' dir='ltr'><strong>sui,</strong></span> <span class='ocrx_word' id='word_1_15' title='bbox 483 1146 518 1205; x_wconf 90' lang='lat' dir='ltr'><strong>et</strong></span> <span class='ocrx_word' id='word_1_16' title='bbox 551 1138 700 1206; x_wconf 88' lang='lat' dir='ltr'><strong>homines</strong></span> <span class='ocrx_word' id='word_1_17' title='bbox 738 1138 790 1202; x_wconf 91' lang='lat' dir='ltr'><strong>sui</strong></span> <span class='ocrx_word' id='word_1_18' title='bbox 828 1138 869 1203; x_wconf 90' lang='lat' dir='ltr'><strong>de</strong></span> <span class='ocrx_word' id='word_1_19' title='bbox 901 1136 1158 1221; x_wconf 87' lang='lat' dir='ltr'><strong>Hanakyntone,</strong></span> <span class='ocrx_word' id='word_1_20' title='bbox 1188 1133 1333 1198; x_wconf 87' lang='lat' dir='ltr'><strong>habeant</strong></span> 
     </span>
     <span class='ocr_line' id='line_1_4' title="bbox 271 1235 1332 1318; baseline -0.008 -14"><span class='ocrx_word' id='word_1_21' title='bbox 271 1238 417 1306; x_wconf 91' lang='lat' dir='ltr'><strong>chaciam</strong></span> <span class='ocrx_word' id='word_1_22' title='bbox 441 1261 542 1318; x_wconf 88' lang='lat' dir='ltr'><strong>suam,</strong></span> <span class='ocrx_word' id='word_1_23' title='bbox 567 1263 642 1307; x_wconf 87' lang='lat' dir='ltr'><strong>cum</strong></span> <span class='ocrx_word' id='word_1_24' title='bbox 672 1240 786 1316; x_wconf 89' lang='lat' dir='ltr'><strong>bobus,</strong></span> <span class='ocrx_word' id='word_1_25' title='bbox 808 1238 917 1305; x_wconf 87' lang='lat' dir='ltr'><strong>vaccis</strong></span> <span class='ocrx_word' id='word_1_26' title='bbox 952 1243 986 1303; x_wconf 88' lang='lat' dir='ltr'><strong>et</strong></span> <span class='ocrx_word' id='word_1_27' title='bbox 1019 1237 1117 1314; x_wconf 84' lang='lat' dir='ltr'><strong>affiis,</strong></span> <span class='ocrx_word' id='word_1_28' title='bbox 1141 1235 1265 1301; x_wconf 91' lang='lat' dir='ltr'><strong>carucis</strong></span> <span class='ocrx_word' id='word_1_29' title='bbox 1298 1237 1332 1297; x_wconf 92' lang='lat' dir='ltr'><strong>et</strong></span> 
     </span>
     <span class='ocr_line' id='line_1_5' title="bbox 273 1336 1332 1420; baseline -0.007 -14"><span class='ocrx_word' id='word_1_30' title='bbox 273 1341 398 1420; x_wconf 88' lang='lat' dir='ltr'><strong>herciis,</strong></span> <span class='ocrx_word' id='word_1_31' title='bbox 423 1348 457 1407; x_wconf 90' lang='lat' dir='ltr'><strong>et</strong></span> <span class='ocrx_word' id='word_1_32' title='bbox 479 1344 615 1409; x_wconf 90' lang='lat' dir='ltr'><strong>carectis</strong></span> <span class='ocrx_word' id='word_1_33' title='bbox 638 1343 713 1407; x_wconf 84' lang='lat' dir='ltr'><strong>feno</strong></span> <span class='ocrx_word' id='word_1_34' title='bbox 737 1346 771 1406; x_wconf 91' lang='lat' dir='ltr'><strong>et</strong></span> <span class='ocrx_word' id='word_1_35' title='bbox 786 1341 884 1407; x_wconf 87' lang='lat' dir='ltr'><strong>blado</strong></span> <span class='ocrx_word' id='word_1_36' title='bbox 907 1340 1060 1417; x_wconf 78' lang='lat' dir='ltr'>onerabis,</span> <span class='ocrx_word' id='word_1_37' title='bbox 1079 1338 1238 1404; x_wconf 85' lang='lat' dir='ltr'><strong>cundoet</strong></span> <span class='ocrx_word' id='word_1_38' title='bbox 1260 1336 1332 1400; x_wconf 90' lang='lat' dir='ltr'><strong>red-</strong></span> 
     </span>
     <span class='ocr_line' id='line_1_6' title="bbox 272 1436 1334 1530; baseline -0.006 -22"><span class='ocrx_word' id='word_1_39' title='bbox 272 1443 380 1509; x_wconf 88' lang='lat' dir='ltr'><strong>eundo</strong></span> <span class='ocrx_word' id='word_1_40' title='bbox 415 1465 474 1529; x_wconf 89' lang='lat' dir='ltr'><strong>per</strong></span> <span class='ocrx_word' id='word_1_41' title='bbox 512 1451 613 1530; x_wconf 89' lang='lat' dir='ltr'><strong>caput</strong></span> <span class='ocrx_word' id='word_1_42' title='bbox 648 1442 808 1508; x_wconf 73' lang='lat' dir='ltr'>orientale</span> <span class='ocrx_word' id='word_1_43' title='bbox 841 1441 929 1528; x_wconf 90' lang='lat' dir='ltr'><strong>prati</strong></span> <span class='ocrx_word' id='word_1_44' title='bbox 962 1442 1014 1504; x_wconf 88' lang='lat' dir='ltr'><strong>sui</strong></span> <span class='ocrx_word' id='word_1_45' title='bbox 1046 1441 1087 1504; x_wconf 89' lang='lat' dir='ltr'><strong>de</strong></span> <span class='ocrx_word' id='word_1_46' title='bbox 1119 1439 1155 1503; x_wconf 84' lang='lat' dir='ltr'><strong>lo</strong></span> <span class='ocrx_word' id='word_1_47' title='bbox 1193 1436 1334 1502; x_wconf 75' lang='lat' dir='ltr'><strong>Irtritcde</strong></span> 
     </span>
     <span class='ocr_line' id='line_1_7' title="bbox 272 1541 1335 1633; baseline -0.007 -24"><span class='ocrx_word' id='word_1_48' title='bbox 272 1545 361 1630; x_wconf 88' lang='lat' dir='ltr'><strong>apud</strong></span> <span class='ocrx_word' id='word_1_49' title='bbox 394 1545 624 1633; x_wconf 87' lang='lat' dir='ltr'><strong>Schepbrigga,</strong></span> <span class='ocrx_word' id='word_1_50' title='bbox 656 1550 732 1632; x_wconf 89' lang='lat' dir='ltr'><strong>post</strong></span> <span class='ocrx_word' id='word_1_51' title='bbox 764 1544 915 1632; x_wconf 83' lang='lat' dir='ltr'><strong>praedicti</strong></span> <span class='ocrx_word' id='word_1_52' title='bbox 946 1543 1035 1629; x_wconf 84' lang='lat' dir='ltr'><strong>prati</strong></span> <span class='ocrx_word' id='word_1_53' title='bbox 1057 1541 1268 1608; x_wconf 81' lang='lat' dir='ltr'><strong>sulcationem</strong></span> <span class='ocrx_word' id='word_1_54' title='bbox 1300 1543 1335 1602; x_wconf 94' lang='lat' dir='ltr'><strong>et</strong></span> 
     </span>
     <span class='ocr_line' id='line_1_8' title="bbox 273 1643 1335 1733; baseline -0.005 -22"><span class='ocrx_word' id='word_1_55' title='bbox 273 1647 340 1711; x_wconf 85' lang='lat' dir='ltr'><strong>leni</strong></span> <span class='ocrx_word' id='word_1_56' title='bbox 363 1648 510 1733; x_wconf 87' lang='lat' dir='ltr'><strong>ejusdcm</strong></span> <span class='ocrx_word' id='word_1_57' title='bbox 536 1649 745 1726; x_wconf 89' lang='lat' dir='ltr'><strong>vinctionem,</strong></span> <span class='ocrx_word' id='word_1_58' title='bbox 762 1669 866 1733; x_wconf 88' lang='lat' dir='ltr'><strong>usque</strong></span> <span class='ocrx_word' id='word_1_59' title='bbox 896 1647 940 1711; x_wconf 89' lang='lat' dir='ltr'><strong>ad</strong></span> <span class='ocrx_word' id='word_1_60' title='bbox 961 1650 1063 1732; x_wconf 90' lang='lat' dir='ltr'><strong>caput</strong></span> <span class='ocrx_word' id='word_1_61' title='bbox 1084 1643 1222 1713; x_wconf 70' lang='lat' dir='ltr'><strong>cultura</strong></span> <span class='ocrx_word' id='word_1_62' title='bbox 1252 1663 1335 1728; x_wconf 89' lang='lat' dir='ltr'><strong>prae·</strong></span> 
     </span>
     <span class='ocr_line' id='line_1_9' title="bbox 274 1748 1335 1836; baseline -0.006 -21"><span class='ocrx_word' id='word_1_63' title='bbox 274 1750 355 1815; x_wconf 91' lang='lat' dir='ltr'><strong>dicti</strong></span> <span class='ocrx_word' id='word_1_64' title='bbox 389 1748 563 1828; x_wconf 61' lang='lat' dir='ltr'><strong>«iohannis,</strong></span> <span class='ocrx_word' id='word_1_65' title='bbox 598 1773 671 1836; x_wconf 90' lang='lat' dir='ltr'><strong>quae</strong></span> <span class='ocrx_word' id='word_1_66' title='bbox 706 1755 844 1816; x_wconf 85' lang='lat' dir='ltr'><strong>vocatur</strong></span> <span class='ocrx_word' id='word_1_67' title='bbox 876 1749 1043 1826; x_wconf 87' lang='lat' dir='ltr'><strong>Mordone,</strong></span> <span class='ocrx_word' id='word_1_68' title='bbox 1074 1753 1109 1814; x_wconf 87' lang='lat' dir='ltr'><strong>et</strong></span> <span class='ocrx_word' id='word_1_69' title='bbox 1143 1748 1189 1812; x_wconf 88' lang='lat' dir='ltr'><strong>sic</strong></span> <span class='ocrx_word' id='word_1_70' title='bbox 1221 1766 1335 1810; x_wconf 91' lang='lat' dir='ltr'><strong>versus</strong></span> 
     </span>
     <span class='ocr_line' id='line_1_10' title="bbox 274 1849 1334 1938; baseline 0 -24"><span class='ocrx_word' id='word_1_71' title='bbox 274 1851 476 1916; x_wconf 88' lang='lat' dir='ltr'><strong>occidentem</strong></span> <span class='ocrx_word' id='word_1_72' title='bbox 500 1875 558 1938; x_wconf 89' lang='lat' dir='ltr'><strong>per</strong></span> <span class='ocrx_word' id='word_1_73' title='bbox 585 1853 782 1938; x_wconf 87' lang='lat' dir='ltr'><strong>praedictum</strong></span> <span class='ocrx_word' id='word_1_74' title='bbox 811 1857 914 1938; x_wconf 89' lang='lat' dir='ltr'><strong>caput</strong></span> <span class='ocrx_word' id='word_1_75' title='bbox 944 1873 1047 1936; x_wconf 89' lang='lat' dir='ltr'><strong>usquo</strong></span> <span class='ocrx_word' id='word_1_76' title='bbox 1081 1849 1125 1915; x_wconf 90' lang='lat' dir='ltr'><strong>ad</strong></span> <span class='ocrx_word' id='word_1_77' title='bbox 1146 1849 1237 1914; x_wconf 85' lang='lat' dir='ltr'><strong>viam</strong></span> <span class='ocrx_word' id='word_1_78' title='bbox 1260 1870 1334 1934; x_wconf 80' lang='lat' dir='ltr'><strong>quae</strong></span> 
     </span>
     <span class='ocr_line' id='line_1_11' title="bbox 276 1952 1335 2038; baseline -0.003 -21"><span class='ocrx_word' id='word_1_79' title='bbox 276 1954 367 2018; x_wconf 89' lang='lat' dir='ltr'><strong>ducit</strong></span> <span class='ocrx_word' id='word_1_80' title='bbox 390 1977 505 2019; x_wconf 87' lang='lat' dir='ltr'><strong>versus</strong></span> <span class='ocrx_word' id='word_1_81' title='bbox 528 1954 754 2020; x_wconf 83' lang='lat' dir='ltr'><strong>molendinum</strong></span> <span class='ocrx_word' id='word_1_82' title='bbox 777 1954 983 2020; x_wconf 88' lang='lat' dir='ltr'><strong>ventriceum</strong></span> <span class='ocrx_word' id='word_1_83' title='bbox 1013 1975 1117 2038; x_wconf 88' lang='lat' dir='ltr'><strong>usque</strong></span> <span class='ocrx_word' id='word_1_84' title='bbox 1148 1952 1191 2018; x_wconf 91' lang='lat' dir='ltr'><strong>ad</strong></span> <span class='ocrx_word' id='word_1_85' title='bbox 1213 1952 1335 2016; x_wconf 83' lang='lat' dir='ltr'><strong>festum</strong></span> 
     </span>
     <span class='ocr_line' id='line_1_12' title="bbox 275 2053 1335 2141; baseline -0.003 -22"><span class='ocrx_word' id='word_1_86' title='bbox 275 2056 554 2122; x_wconf 89' lang='lat' dir='ltr'><strong>Annunoiationis</strong></span> <span class='ocrx_word' id='word_1_87' title='bbox 578 2057 690 2121; x_wconf 86' lang='lat' dir='ltr'><strong>Beatae</strong></span> <span class='ocrx_word' id='word_1_88' title='bbox 707 2056 821 2122; x_wconf 89' lang='lat' dir='ltr'><strong>Mariae</strong></span> <span class='ocrx_word' id='word_1_89' title='bbox 837 2055 991 2141; x_wconf 81' lang='lat' dir='ltr'><strong>Virginis.</strong></span> <span class='ocrx_word' id='word_1_90' title='bbox 1039 2053 1093 2120; x_wconf 91' lang='lat' dir='ltr'><strong>Ita</strong></span> <span class='ocrx_word' id='word_1_91' title='bbox 1111 2060 1223 2120; x_wconf 87' lang='lat' dir='ltr'><strong>tamen</strong></span> <span class='ocrx_word' id='word_1_92' title='bbox 1247 2053 1335 2138; x_wconf 91' lang='lat' dir='ltr'><strong>quod</strong></span> 
     </span>
     <span class='ocr_line' id='line_1_13' title="bbox 275 2156 1335 2242; baseline -0.002 -20"><span class='ocrx_word' id='word_1_93' title='bbox 275 2159 425 2242; x_wconf 68' lang='lat' dir='ltr'><strong>praedicti</strong></span> <span class='ocrx_word' id='word_1_94' title='bbox 448 2158 597 2224; x_wconf 88' lang='lat' dir='ltr'><strong>homines</strong></span> <span class='ocrx_word' id='word_1_95' title='bbox 619 2181 695 2226; x_wconf 93' lang='lat' dir='ltr'><strong>cum</strong></span> <span class='ocrx_word' id='word_1_96' title='bbox 725 2158 845 2224; x_wconf 86' lang='lat' dir='ltr'><strong>averiis</strong></span> <span class='ocrx_word' id='word_1_97' title='bbox 879 2158 947 2222; x_wconf 89' lang='lat' dir='ltr'><strong>suis</strong></span> <span class='ocrx_word' id='word_1_98' title='bbox 981 2157 1107 2222; x_wconf 89' lang='lat' dir='ltr'><strong>nullam</strong></span> <span class='ocrx_word' id='word_1_99' title='bbox 1139 2178 1264 2222; x_wconf 88' lang='lat' dir='ltr'><strong>moram</strong></span> <span class='ocrx_word' id='word_1_100' title='bbox 1286 2156 1335 2220; x_wconf 89' lang='lat' dir='ltr'><strong>fa-</strong></span> 
     </span>
     <span class='ocr_line' id='line_1_14' title="bbox 277 2258 1334 2345; baseline 0 -22"><span class='ocrx_word' id='word_1_101' title='bbox 277 2259 367 2324; x_wconf 91' lang='lat' dir='ltr'><strong>ciant</strong></span> <span class='ocrx_word' id='word_1_102' title='bbox 405 2260 576 2345; x_wconf 87' lang='lat' dir='ltr'><strong>pascendo,</strong></span> <span class='ocrx_word' id='word_1_103' title='bbox 613 2259 670 2324; x_wconf 88' lang='lat' dir='ltr'><strong>sed</strong></span> <span class='ocrx_word' id='word_1_104' title='bbox 704 2258 945 2325; x_wconf 63' lang='lat' dir='ltr'><strong>rationabiliter</strong></span> <span class='ocrx_word' id='word_1_105' title='bbox 978 2263 1150 2324; x_wconf 89' lang='lat' dir='ltr'><strong>transeant</strong></span> <span class='ocrx_word' id='word_1_106' title='bbox 1180 2258 1334 2344; x_wconf 86' lang='lat' dir='ltr'><strong>fugando,</strong></span> 
     </span>
     <span class='ocr_line' id='line_1_15' title="bbox 277 2361 1336 2449; baseline -0.001 -24"><span class='ocrx_word' id='word_1_107' title='bbox 277 2361 415 2446; x_wconf 89' lang='lat' dir='ltr'><strong>quodsi</strong></span> <span class='ocrx_word' id='word_1_108' title='bbox 439 2385 562 2429; x_wconf 86' lang='lat' dir='ltr'><strong>moram</strong></span> <span class='ocrx_word' id='word_1_109' title='bbox 586 2362 724 2428; x_wconf 73' lang='lat' dir='ltr'><strong>fecerint</strong></span> <span class='ocrx_word' id='word_1_110' title='bbox 746 2363 909 2449; x_wconf 85' lang='lat' dir='ltr'><strong>pascendo</strong></span> <span class='ocrx_word' id='word_1_111' title='bbox 932 2366 967 2425; x_wconf 90' lang='lat' dir='ltr'><strong>et</strong></span> <span class='ocrx_word' id='word_1_112' title='bbox 989 2362 1066 2426; x_wconf 89' lang='lat' dir='ltr'><strong>inde</strong></span> <span class='ocrx_word' id='word_1_113' title='bbox 1090 2361 1234 2429; x_wconf 89' lang='lat' dir='ltr'><strong>convicti</strong></span> <span class='ocrx_word' id='word_1_114' title='bbox 1264 2361 1336 2425; x_wconf 88' lang='lat' dir='ltr'><strong>fue·</strong></span> 
     </span>
     <span class='ocr_line' id='line_1_16' title="bbox 277 2462 1335 2549; baseline 0 -23"><span class='ocrx_word' id='word_1_115' title='bbox 277 2463 354 2540; x_wconf 85' lang='lat' dir='ltr'><strong>rint,</strong></span> <span class='ocrx_word' id='word_1_116' title='bbox 388 2464 564 2549; x_wconf 69' lang='lat' dir='ltr'><strong>pradictus</strong></span> <span class='ocrx_word' id='word_1_117' title='bbox 602 2463 771 2529; x_wconf 87' lang='lat' dir='ltr'><strong>Johannes</strong></span> <span class='ocrx_word' id='word_1_118' title='bbox 809 2469 844 2528; x_wconf 91' lang='lat' dir='ltr'><strong>et</strong></span> <span class='ocrx_word' id='word_1_119' title='bbox 873 2463 1008 2529; x_wconf 90' lang='lat' dir='ltr'><strong>heredes</strong></span> <span class='ocrx_word' id='word_1_120' title='bbox 1039 2464 1092 2528; x_wconf 90' lang='lat' dir='ltr'><strong>sui</strong></span> <span class='ocrx_word' id='word_1_121' title='bbox 1124 2462 1335 2530; x_wconf 76' lang='lat' dir='ltr'><strong>rationabiles</strong></span> 
     </span>
     <span class='ocr_line' id='line_1_17' title="bbox 278 2565 1437 2652; baseline 0.002 -23"><span class='ocrx_word' id='word_1_122' title='bbox 278 2565 433 2630; x_wconf 87' lang='lat' dir='ltr'><strong>emendas</strong></span> <span class='ocrx_word' id='word_1_123' title='bbox 455 2566 592 2652; x_wconf 88' lang='lat' dir='ltr'><strong>capiant</strong></span> <span class='ocrx_word' id='word_1_124' title='bbox 613 2566 793 2632; x_wconf 88' lang='lat' dir='ltr'><strong>secundum</strong></span> <span class='ocrx_word' id='word_1_125' title='bbox 826 2565 1049 2651; x_wconf 80' lang='lat' dir='ltr'><strong>quantitatem</strong></span> <span class='ocrx_word' id='word_1_126' title='bbox 1082 2565 1202 2632; x_wconf 91' lang='lat' dir='ltr'><strong>delicti.</strong></span> <span class='ocrx_word' id='word_1_127' title='bbox 1250 2565 1367 2630; x_wconf 79' lang='lat' dir='ltr'><strong>Con-f.</strong></span> <span class='ocrx_word' id='word_1_128' title='bbox 1380 2583 1437 2631; x_wconf 73' lang='lat' dir='ltr'><strong>aar.</strong></span> 
     </span>
     <span class='ocr_line' id='line_1_18' title="bbox 278 2667 1335 2753; baseline -0.003 -18"><span class='ocrx_word' id='word_1_129' title='bbox 278 2669 375 2735; x_wconf 80' lang='lat' dir='ltr'><strong>cessit</strong></span> <span class='ocrx_word' id='word_1_130' title='bbox 405 2668 506 2732; x_wconf 88' lang='lat' dir='ltr'><strong>etiam</strong></span> <span class='ocrx_word' id='word_1_131' title='bbox 537 2668 624 2733; x_wconf 88' lang='lat' dir='ltr'><strong>idem</strong></span> <span class='ocrx_word' id='word_1_132' title='bbox 647 2667 816 2734; x_wconf 75' lang='lat' dir='ltr'><strong>lohannes</strong></span> <span class='ocrx_word' id='word_1_133' title='bbox 847 2690 906 2753; x_wconf 90' lang='lat' dir='ltr'><strong>pro</strong></span> <span class='ocrx_word' id='word_1_134' title='bbox 937 2690 972 2733; x_wconf 90' lang='lat' dir='ltr'><strong>se</strong></span> <span class='ocrx_word' id='word_1_135' title='bbox 999 2673 1034 2734; x_wconf 89' lang='lat' dir='ltr'><strong>et</strong></span> <span class='ocrx_word' id='word_1_136' title='bbox 1059 2667 1236 2733; x_wconf 88' lang='lat' dir='ltr'><strong>heredibus</strong></span> <span class='ocrx_word' id='word_1_137' title='bbox 1258 2667 1335 2745; x_wconf 89' lang='lat' dir='ltr'><strong>suis,</strong></span> 
     </span>
     <span class='ocr_line' id='line_1_19' title="bbox 279 2769 1336 2857; baseline -0.001 -22"><span class='ocrx_word' id='word_1_138' title='bbox 279 2772 367 2857; x_wconf 91' lang='lat' dir='ltr'><strong>quod</strong></span> <span class='ocrx_word' id='word_1_139' title='bbox 389 2771 540 2856; x_wconf 76' lang='lat' dir='ltr'><strong>praedicti</strong></span> <span class='ocrx_word' id='word_1_140' title='bbox 570 2770 672 2836; x_wconf 87' lang='lat' dir='ltr'><strong>abbas</strong></span> <span class='ocrx_word' id='word_1_141' title='bbox 699 2774 733 2836; x_wconf 90' lang='lat' dir='ltr'><strong>et</strong></span> <span class='ocrx_word' id='word_1_142' title='bbox 765 2773 947 2837; x_wconf 89' lang='lat' dir='ltr'><strong>conventus</strong></span> <span class='ocrx_word' id='word_1_143' title='bbox 982 2773 1016 2834; x_wconf 88' lang='lat' dir='ltr'><strong>et</strong></span> <span class='ocrx_word' id='word_1_144' title='bbox 1049 2769 1198 2837; x_wconf 83' lang='lat' dir='ltr'><strong>homines</strong></span> <span class='ocrx_word' id='word_1_145' title='bbox 1221 2770 1273 2834; x_wconf 88' lang='lat' dir='ltr'><strong>sui</strong></span> <span class='ocrx_word' id='word_1_146' title='bbox 1295 2769 1336 2834; x_wconf 88' lang='lat' dir='ltr'><strong>de</strong></span> 
     </span>
     <span class='ocr_line' id='line_1_20' title="bbox 280 2871 1337 2958; baseline -0.002 -20"><span class='ocrx_word' id='word_1_147' title='bbox 280 2873 531 2958; x_wconf 88' lang='lat' dir='ltr'><strong>Hanekyntone</strong></span> <span class='ocrx_word' id='word_1_148' title='bbox 554 2872 701 2939; x_wconf 82' lang='lat' dir='ltr'><strong>habeant</strong></span> <span class='ocrx_word' id='word_1_149' title='bbox 723 2894 932 2939; x_wconf 79' lang='lat' dir='ltr'><strong>communem</strong></span> <span class='ocrx_word' id='word_1_150' title='bbox 962 2893 1056 2937; x_wconf 89' lang='lat' dir='ltr'><strong>suam</strong></span> <span class='ocrx_word' id='word_1_151' title='bbox 1078 2871 1115 2936; x_wconf 93' lang='lat' dir='ltr'><strong>in</strong></span> <span class='ocrx_word' id='word_1_152' title='bbox 1138 2871 1174 2937; x_wconf 85' lang='lat' dir='ltr'><strong>lc</strong></span> <span class='ocrx_word' id='word_1_153' title='bbox 1197 2871 1337 2937; x_wconf 70' lang='lat' dir='ltr'><strong>lienteria</strong></span> 
     </span>
     <span class='ocr_line' id='line_1_21' title="bbox 280 2973 1337 3054; baseline -0.006 -12"><span class='ocrx_word' id='word_1_154' title='bbox 280 2997 353 3042; x_wconf 91' lang='lat' dir='ltr'><strong>cum</strong></span> <span class='ocrx_word' id='word_1_155' title='bbox 377 2977 490 3054; x_wconf 88' lang='lat' dir='ltr'><strong>bobus,</strong></span> <span class='ocrx_word' id='word_1_156' title='bbox 506 2975 621 3054; x_wconf 84' lang='lat' dir='ltr'><strong>vaccis,</strong></span> <span class='ocrx_word' id='word_1_157' title='bbox 637 2976 782 3042; x_wconf 86' lang='lat' dir='ltr'><strong>bovettis</strong></span> <span class='ocrx_word' id='word_1_158' title='bbox 805 2981 839 3040; x_wconf 88' lang='lat' dir='ltr'><strong>et</strong></span> <span class='ocrx_word' id='word_1_159' title='bbox 861 2975 961 3052; x_wconf 88' lang='lat' dir='ltr'><strong>affris‚</strong></span> <span class='ocrx_word' id='word_1_160' title='bbox 976 2997 997 3039; x_wconf 93' lang='lat' dir='ltr'><strong>a</strong></span> <span class='ocrx_word' id='word_1_161' title='bbox 1019 2975 1103 3040; x_wconf 85' lang='lat' dir='ltr'><strong>festo</strong></span> <span class='ocrx_word' id='word_1_162' title='bbox 1119 2973 1233 3040; x_wconf 84' lang='lat' dir='ltr'><strong>Sancti</strong></span> <span class='ocrx_word' id='word_1_163' title='bbox 1250 2974 1337 3039; x_wconf 89' lang='lat' dir='ltr'><strong>Mar-</strong></span> 
     </span>
     <span class='ocr_line' id='line_1_22' title="bbox 280 3075 1337 3164; baseline -0.002 -22"><span class='ocrx_word' id='word_1_164' title='bbox 280 3078 344 3143; x_wconf 87' lang='lat' dir='ltr'><strong>tini</strong></span> <span class='ocrx_word' id='word_1_165' title='bbox 367 3100 470 3164; x_wconf 88' lang='lat' dir='ltr'><strong>usque</strong></span> <span class='ocrx_word' id='word_1_166' title='bbox 493 3079 535 3144; x_wconf 90' lang='lat' dir='ltr'><strong>ad</strong></span> <span class='ocrx_word' id='word_1_167' title='bbox 552 3078 673 3142; x_wconf 86' lang='lat' dir='ltr'><strong>festum</strong></span> <span class='ocrx_word' id='word_1_168' title='bbox 690 3077 934 3143; x_wconf 87' lang='lat' dir='ltr'><strong>Purificationis</strong></span> <span class='ocrx_word' id='word_1_169' title='bbox 950 3078 1063 3142; x_wconf 70' lang='lat' dir='ltr'><strong>Beata]</strong></span> <span class='ocrx_word' id='word_1_170' title='bbox 1087 3077 1210 3141; x_wconf 87' lang='lat' dir='ltr'><strong>Mariae.</strong></span> <span class='ocrx_word' id='word_1_171' title='bbox 1250 3075 1337 3140; x_wconf 82' lang='lat' dir='ltr'><strong>Con·</strong></span> 
     </span>
     <span class='ocr_line' id='line_1_23' title="bbox 279 3179 1337 3267; baseline -0.006 -20"><span class='ocrx_word' id='word_1_172' title='bbox 279 3181 377 3247; x_wconf 81' lang='lat' dir='ltr'><strong>cessit</strong></span> <span class='ocrx_word' id='word_1_173' title='bbox 398 3183 499 3247; x_wconf 86' lang='lat' dir='ltr'><strong>etiam</strong></span> <span class='ocrx_word' id='word_1_174' title='bbox 529 3203 589 3267; x_wconf 88' lang='lat' dir='ltr'><strong>pro</strong></span> <span class='ocrx_word' id='word_1_175' title='bbox 620 3203 655 3246; x_wconf 90' lang='lat' dir='ltr'><strong>se</strong></span> <span class='ocrx_word' id='word_1_176' title='bbox 687 3186 722 3246; x_wconf 91' lang='lat' dir='ltr'><strong>et</strong></span> <span class='ocrx_word' id='word_1_177' title='bbox 756 3180 931 3246; x_wconf 86' lang='lat' dir='ltr'><strong>heredibus</strong></span> <span class='ocrx_word' id='word_1_178' title='bbox 964 3181 1032 3245; x_wconf 88' lang='lat' dir='ltr'><strong>suis</strong></span> <span class='ocrx_word' id='word_1_179' title='bbox 1065 3179 1153 3264; x_wconf 94' lang='lat' dir='ltr'><strong>quod</strong></span> <span class='ocrx_word' id='word_1_180' title='bbox 1188 3179 1337 3266; x_wconf 86' lang='lat' dir='ltr'><strong>praedioti</strong></span> 
     </span>
     <span class='ocr_line' id='line_1_24' title="bbox 279 3282 1336 3366; baseline -0.004 -18"><span class='ocrx_word' id='word_1_181' title='bbox 279 3283 380 3348; x_wconf 87' lang='lat' dir='ltr'><strong>abbas</strong></span> <span class='ocrx_word' id='word_1_182' title='bbox 403 3289 437 3348; x_wconf 91' lang='lat' dir='ltr'><strong>et</strong></span> <span class='ocrx_word' id='word_1_183' title='bbox 459 3288 642 3350; x_wconf 85' lang='lat' dir='ltr'><strong>conventus</strong></span> <span class='ocrx_word' id='word_1_184' title='bbox 673 3287 708 3348; x_wconf 89' lang='lat' dir='ltr'><strong>et</strong></span> <span class='ocrx_word' id='word_1_185' title='bbox 738 3282 887 3347; x_wconf 87' lang='lat' dir='ltr'><strong>homines</strong></span> <span class='ocrx_word' id='word_1_186' title='bbox 920 3282 971 3346; x_wconf 90' lang='lat' dir='ltr'><strong>sui</strong></span> <span class='ocrx_word' id='word_1_187' title='bbox 1006 3282 1047 3346; x_wconf 91' lang='lat' dir='ltr'><strong>de</strong></span> <span class='ocrx_word' id='word_1_188' title='bbox 1079 3282 1336 3366; x_wconf 77' lang='lat' dir='ltr'><strong>Hanelryntona</strong></span> 
     </span>
     <span class='ocr_line' id='line_1_25' title="bbox 281 3383 1336 3462; baseline -0.004 -12"><span class='ocrx_word' id='word_1_189' title='bbox 281 3392 315 3450; x_wconf 89' lang='lat' dir='ltr'><strong>et</strong></span> <span class='ocrx_word' id='word_1_190' title='bbox 339 3385 439 3450; x_wconf 88' lang='lat' dir='ltr'><strong>etiam</strong></span> <span class='ocrx_word' id='word_1_191' title='bbox 469 3385 618 3450; x_wconf 88' lang='lat' dir='ltr'><strong>homines</strong></span> <span class='ocrx_word' id='word_1_192' title='bbox 649 3385 700 3448; x_wconf 89' lang='lat' dir='ltr'><strong>sui</strong></span> <span class='ocrx_word' id='word_1_193' title='bbox 724 3386 765 3450; x_wconf 90' lang='lat' dir='ltr'><strong>de</strong></span> <span class='ocrx_word' id='word_1_194' title='bbox 791 3384 945 3462; x_wconf 87' lang='lat' dir='ltr'><strong>Morcote‚</strong></span> <span class='ocrx_word' id='word_1_195' title='bbox 960 3383 1106 3449; x_wconf 88' lang='lat' dir='ltr'><strong>habeant</strong></span> <span class='ocrx_word' id='word_1_196' title='bbox 1129 3403 1336 3450; x_wconf 85' lang='lat' dir='ltr'><strong>communem</strong></span> 
     </span>
     <span class='ocr_line' id='line_1_26' title="bbox 281 3485 1339 3572; baseline -0.001 -21"><span class='ocrx_word' id='word_1_197' title='bbox 281 3509 374 3553; x_wconf 89' lang='lat' dir='ltr'><strong>suam</strong></span> <span class='ocrx_word' id='word_1_198' title='bbox 397 3509 472 3554; x_wconf 89' lang='lat' dir='ltr'><strong>cum</strong></span> <span class='ocrx_word' id='word_1_199' title='bbox 496 3487 648 3552; x_wconf 88' lang='lat' dir='ltr'><strong>omnibus</strong></span> <span class='ocrx_word' id='word_1_200' title='bbox 669 3487 790 3552; x_wconf 87' lang='lat' dir='ltr'><strong>averiis</strong></span> <span class='ocrx_word' id='word_1_201' title='bbox 813 3487 849 3550; x_wconf 91' lang='lat' dir='ltr'><strong>in</strong></span> <span class='ocrx_word' id='word_1_202' title='bbox 871 3485 1001 3552; x_wconf 90' lang='lat' dir='ltr'><strong>cultura</strong></span> <span class='ocrx_word' id='word_1_203' title='bbox 1023 3508 1083 3552; x_wconf 86' lang='lat' dir='ltr'><strong>sua</strong></span> <span class='ocrx_word' id='word_1_204' title='bbox 1105 3508 1179 3572; x_wconf 87' lang='lat' dir='ltr'><strong>quae</strong></span> <span class='ocrx_word' id='word_1_205' title='bbox 1205 3491 1339 3552; x_wconf 88' lang='lat' dir='ltr'><strong>vocatur</strong></span> 
     </span>
     <span class='ocr_line' id='line_1_27' title="bbox 283 3589 1338 3676; baseline -0.004 -20"><span class='ocrx_word' id='word_1_206' title='bbox 283 3590 398 3667; x_wconf 86' lang='lat' dir='ltr'><strong>Oklee,</strong></span> <span class='ocrx_word' id='word_1_207' title='bbox 432 3613 453 3656; x_wconf 91' lang='lat' dir='ltr'><strong>a</strong></span> <span class='ocrx_word' id='word_1_208' title='bbox 486 3591 570 3656; x_wconf 85' lang='lat' dir='ltr'><strong>festo</strong></span> <span class='ocrx_word' id='word_1_209' title='bbox 602 3591 762 3656; x_wconf 89' lang='lat' dir='ltr'><strong>Omnium</strong></span> <span class='ocrx_word' id='word_1_210' title='bbox 795 3589 992 3654; x_wconf 87' lang='lat' dir='ltr'><strong>Sanctorum</strong></span> <span class='ocrx_word' id='word_1_211' title='bbox 1025 3610 1194 3676; x_wconf 86' lang='lat' dir='ltr'><strong>quousque</strong></span> <span class='ocrx_word' id='word_1_212' title='bbox 1216 3589 1338 3654; x_wconf 88' lang='lat' dir='ltr'><strong>iterum</strong></span> 
     </span>
    </p>
   </div>
   <div class='ocr_carea' id='block_1_3' title="bbox 282 3691 1340 4084">
    <p class='ocr_par' dir='ltr' id='par_1_3' title="bbox 282 3691 1340 4084">
     <span class='ocr_line' id='line_1_28' title="bbox 282 3691 1339 3781; baseline -0.002 -23"><span class='ocrx_word' id='word_1_213' title='bbox 282 3693 384 3759; x_wconf 82' lang='lat' dir='ltr'><strong>fuerit</strong></span> <span class='ocrx_word' id='word_1_214' title='bbox 405 3694 575 3759; x_wconf 88' lang='lat' dir='ltr'><strong>seminata.</strong></span> <span class='ocrx_word' id='word_1_215' title='bbox 622 3693 792 3758; x_wconf 86' lang='lat' dir='ltr'><strong>Concessit</strong></span> <span class='ocrx_word' id='word_1_216' title='bbox 814 3693 914 3759; x_wconf 87' lang='lat' dir='ltr'><strong>etiam</strong></span> <span class='ocrx_word' id='word_1_217' title='bbox 944 3715 1005 3781; x_wconf 92' lang='lat' dir='ltr'><strong>pro</strong></span> <span class='ocrx_word' id='word_1_218' title='bbox 1038 3715 1073 3757; x_wconf 91' lang='lat' dir='ltr'><strong>se</strong></span> <span class='ocrx_word' id='word_1_219' title='bbox 1107 3698 1141 3757; x_wconf 88' lang='lat' dir='ltr'><strong>et</strong></span> <span class='ocrx_word' id='word_1_220' title='bbox 1163 3691 1339 3757; x_wconf 88' lang='lat' dir='ltr'><strong>heredibus</strong></span> 
     </span>
     <span class='ocr_line' id='line_1_29' title="bbox 283 3793 1338 3880; baseline 0 -22"><span class='ocrx_word' id='word_1_221' title='bbox 283 3795 360 3875; x_wconf 88' lang='lat' dir='ltr'><strong>suis,</strong></span> <span class='ocrx_word' id='word_1_222' title='bbox 385 3795 475 3880; x_wconf 91' lang='lat' dir='ltr'><strong>quod</strong></span> <span class='ocrx_word' id='word_1_223' title='bbox 507 3794 800 3880; x_wconf 87' lang='lat' dir='ltr'><strong>quotienscumque</strong></span> <span class='ocrx_word' id='word_1_224' title='bbox 832 3793 954 3880; x_wconf 88' lang='lat' dir='ltr'><strong>aliquis</strong></span> <span class='ocrx_word' id='word_1_225' title='bbox 985 3795 1170 3859; x_wconf 90' lang='lat' dir='ltr'><strong>tenentium</strong></span> <span class='ocrx_word' id='word_1_226' title='bbox 1205 3815 1338 3860; x_wconf 89' lang='lat' dir='ltr'><strong>suorum</strong></span> 
     </span>
     <span class='ocr_line' id='line_1_30' title="bbox 284 3895 1340 3982; baseline -0.001 -21"><span class='ocrx_word' id='word_1_227' title='bbox 284 3902 400 3962; x_wconf 89' lang='lat' dir='ltr'><strong>tenens</strong></span> <span class='ocrx_word' id='word_1_228' title='bbox 423 3898 587 3982; x_wconf 85' lang='lat' dir='ltr'><strong>virgatam</strong></span> <span class='ocrx_word' id='word_1_229' title='bbox 611 3901 707 3962; x_wconf 85' lang='lat' dir='ltr'><strong>terrae</strong></span> <span class='ocrx_word' id='word_1_230' title='bbox 734 3895 788 3960; x_wconf 90' lang='lat' dir='ltr'><strong>vel</strong></span> <span class='ocrx_word' id='word_1_231' title='bbox 819 3895 993 3961; x_wconf 89' lang='lat' dir='ltr'><strong>dimidiam</strong></span> <span class='ocrx_word' id='word_1_232' title='bbox 1015 3896 1180 3981; x_wconf 85' lang='lat' dir='ltr'><strong>virgatam</strong></span> <span class='ocrx_word' id='word_1_233' title='bbox 1203 3896 1239 3960; x_wconf 94' lang='lat' dir='ltr'><strong>in</strong></span> <span class='ocrx_word' id='word_1_234' title='bbox 1269 3896 1340 3961; x_wconf 88' lang='lat' dir='ltr'><strong>fata</strong></span> 
     </span>
     <span class='ocr_line' id='line_1_31' title="bbox 285 3998 1339 4084; baseline 0 -22"><span class='ocrx_word' id='word_1_235' title='bbox 285 3999 429 4076; x_wconf 84' lang='lat' dir='ltr'><strong>decedat,</strong></span> <span class='ocrx_word' id='word_1_236' title='bbox 465 3999 553 4084; x_wconf 91' lang='lat' dir='ltr'><strong>quod</strong></span> <span class='ocrx_word' id='word_1_237' title='bbox 591 3998 741 4084; x_wconf 86' lang='lat' dir='ltr'><strong>praedicti</strong></span> <span class='ocrx_word' id='word_1_238' title='bbox 764 3998 866 4064; x_wconf 85' lang='lat' dir='ltr'><strong>abbas</strong></span> <span class='ocrx_word' id='word_1_239' title='bbox 891 4003 925 4065; x_wconf 90' lang='lat' dir='ltr'><strong>et</strong></span> <span class='ocrx_word' id='word_1_240' title='bbox 947 4003 1129 4064; x_wconf 87' lang='lat' dir='ltr'><strong>conventus</strong></span> <span class='ocrx_word' id='word_1_241' title='bbox 1162 4003 1197 4064; x_wconf 91' lang='lat' dir='ltr'><strong>et</strong></span> <span class='ocrx_word' id='word_1_242' title='bbox 1226 4019 1339 4064; x_wconf 88' lang='lat' dir='ltr'><strong>eorum</strong></span> 
     </span>
    </p>
   </div>
   <div class='ocr_carea' id='block_1_4' title="bbox 285 4100 1341 4806">
    <p class='ocr_par' dir='ltr' id='par_1_4' title="bbox 285 4100 1341 4806">
     <span class='ocr_line' id='line_1_32' title="bbox 285 4100 1339 4188; baseline 0 -22"><span class='ocrx_word' id='word_1_243' title='bbox 285 4123 485 4168; x_wconf 86' lang='lat' dir='ltr'><strong>successores</strong></span> <span class='ocrx_word' id='word_1_244' title='bbox 519 4101 666 4167; x_wconf 89' lang='lat' dir='ltr'><strong>habeant</strong></span> <span class='ocrx_word' id='word_1_245' title='bbox 700 4102 741 4165; x_wconf 92' lang='lat' dir='ltr'><strong>de</strong></span> <span class='ocrx_word' id='word_1_246' title='bbox 773 4100 912 4188; x_wconf 88' lang='lat' dir='ltr'><strong>singulis</strong></span> <span class='ocrx_word' id='word_1_247' title='bbox 951 4101 1142 4167; x_wconf 87' lang='lat' dir='ltr'><strong>tenentibus</strong></span> <span class='ocrx_word' id='word_1_248' title='bbox 1173 4101 1339 4186; x_wconf 86' lang='lat' dir='ltr'><strong>praedictis</strong></span> 
     </span>
     <span class='ocr_line' id='line_1_33' title="bbox 286 4202 1339 4270; baseline -0.001 -1"><span class='ocrx_word' id='word_1_249' title='bbox 286 4211 352 4270; x_wconf 87' lang='lat' dir='ltr'><strong>tres</strong></span> <span class='ocrx_word' id='word_1_250' title='bbox 383 4204 504 4270; x_wconf 89' lang='lat' dir='ltr'><strong>solidos</strong></span> <span class='ocrx_word' id='word_1_251' title='bbox 535 4204 668 4268; x_wconf 88' lang='lat' dir='ltr'><strong>nomine</strong></span> <span class='ocrx_word' id='word_1_252' title='bbox 700 4203 880 4268; x_wconf 84' lang='lat' dir='ltr'><strong>mortuarii.</strong></span> <span class='ocrx_word' id='word_1_253' title='bbox 926 4202 989 4267; x_wconf 91' lang='lat' dir='ltr'><strong>Pro</strong></span> <span class='ocrx_word' id='word_1_254' title='bbox 1023 4202 1086 4269; x_wconf 90' lang='lat' dir='ltr'><strong>hac</strong></span> <span class='ocrx_word' id='word_1_255' title='bbox 1118 4208 1231 4268; x_wconf 89' lang='lat' dir='ltr'><strong>autem</strong></span> <span class='ocrx_word' id='word_1_256' title='bbox 1263 4226 1339 4269; x_wconf 92' lang='lat' dir='ltr'><strong>con-</strong></span> 
     </span>
     <span class='ocr_line' id='line_1_34' title="bbox 285 4305 1339 4394; baseline 0 -22"><span class='ocrx_word' id='word_1_257' title='bbox 285 4307 430 4372; x_wconf 87' lang='lat' dir='ltr'><strong>cessione</strong></span> <span class='ocrx_word' id='word_1_258' title='bbox 463 4311 694 4372; x_wconf 87' lang='lat' dir='ltr'><strong>concesserunt</strong></span> <span class='ocrx_word' id='word_1_259' title='bbox 715 4305 868 4392; x_wconf 84' lang='lat' dir='ltr'><strong>praedicti</strong></span> <span class='ocrx_word' id='word_1_260' title='bbox 893 4305 994 4370; x_wconf 88' lang='lat' dir='ltr'><strong>abbas</strong></span> <span class='ocrx_word' id='word_1_261' title='bbox 1017 4311 1052 4370; x_wconf 90' lang='lat' dir='ltr'><strong>et</strong></span> <span class='ocrx_word' id='word_1_262' title='bbox 1074 4311 1256 4373; x_wconf 88' lang='lat' dir='ltr'><strong>conventus</strong></span> <span class='ocrx_word' id='word_1_263' title='bbox 1280 4329 1339 4394; x_wconf 90' lang='lat' dir='ltr'><strong>pro</strong></span> 
     </span>
     <span class='ocr_line' id='line_1_35' title="bbox 286 4409 1339 4486; baseline 0 -12"><span class='ocrx_word' id='word_1_264' title='bbox 286 4433 320 4474; x_wconf 84' lang='lat' dir='ltr'><strong>se</strong></span> <span class='ocrx_word' id='word_1_265' title='bbox 352 4416 387 4475; x_wconf 89' lang='lat' dir='ltr'><strong>et</strong></span> <span class='ocrx_word' id='word_1_266' title='bbox 413 4409 652 4476; x_wconf 88' lang='lat' dir='ltr'><strong>successoribus</strong></span> <span class='ocrx_word' id='word_1_267' title='bbox 675 4409 752 4486; x_wconf 87' lang='lat' dir='ltr'><strong>suis,</strong></span> <span class='ocrx_word' id='word_1_268' title='bbox 776 4412 811 4474; x_wconf 92' lang='lat' dir='ltr'><strong>et</strong></span> <span class='ocrx_word' id='word_1_269' title='bbox 842 4409 943 4473; x_wconf 86' lang='lat' dir='ltr'><strong>etiam</strong></span> <span class='ocrx_word' id='word_1_270' title='bbox 974 4409 1127 4474; x_wconf 91' lang='lat' dir='ltr'><strong>omnibus</strong></span> <span class='ocrx_word' id='word_1_271' title='bbox 1149 4409 1339 4474; x_wconf 89' lang='lat' dir='ltr'><strong>hominibus</strong></span> 
     </span>
     <span class='ocr_line' id='line_1_36' title="bbox 286 4511 1341 4598; baseline -0.002 -20"><span class='ocrx_word' id='word_1_272' title='bbox 286 4515 364 4592; x_wconf 86' lang='lat' dir='ltr'><strong>suis,</strong></span> <span class='ocrx_word' id='word_1_273' title='bbox 391 4513 520 4578; x_wconf 83' lang='lat' dir='ltr'><strong>servilis</strong></span> <span class='ocrx_word' id='word_1_274' title='bbox 552 4511 760 4588; x_wconf 90' lang='lat' dir='ltr'><strong>conditionis,</strong></span> <span class='ocrx_word' id='word_1_275' title='bbox 784 4512 872 4598; x_wconf 90' lang='lat' dir='ltr'><strong>quod</strong></span> <span class='ocrx_word' id='word_1_276' title='bbox 906 4511 1082 4598; x_wconf 69' lang='lat' dir='ltr'><strong>praedictus</strong></span> <span class='ocrx_word' id='word_1_277' title='bbox 1113 4511 1282 4578; x_wconf 80' lang='lat' dir='ltr'><strong>Johanues</strong></span> <span class='ocrx_word' id='word_1_278' title='bbox 1305 4517 1341 4577; x_wconf 87' lang='lat' dir='ltr'><strong>et</strong></span> 
     </span>
     <span class='ocr_line' id='line_1_37' title="bbox 286 4613 1340 4700; baseline -0.003 -18"><span class='ocrx_word' id='word_1_279' title='bbox 286 4617 422 4682; x_wconf 90' lang='lat' dir='ltr'><strong>heredes</strong></span> <span class='ocrx_word' id='word_1_280' title='bbox 446 4616 498 4680; x_wconf 91' lang='lat' dir='ltr'><strong>sui</strong></span> <span class='ocrx_word' id='word_1_281' title='bbox 521 4613 667 4680; x_wconf 88' lang='lat' dir='ltr'><strong>habeant</strong></span> <span class='ocrx_word' id='word_1_282' title='bbox 697 4635 810 4680; x_wconf 90' lang='lat' dir='ltr'><strong>omnes</strong></span> <span class='ocrx_word' id='word_1_283' title='bbox 836 4620 939 4680; x_wconf 87' lang='lat' dir='ltr'><strong>terras</strong></span> <span class='ocrx_word' id='word_1_284' title='bbox 962 4635 1037 4680; x_wconf 87' lang='lat' dir='ltr'><strong>suas</strong></span> <span class='ocrx_word' id='word_1_285' title='bbox 1059 4615 1096 4680; x_wconf 92' lang='lat' dir='ltr'><strong>in</strong></span> <span class='ocrx_word' id='word_1_286' title='bbox 1119 4619 1212 4700; x_wconf 82' lang='lat' dir='ltr'><strong>parte</strong></span> <span class='ocrx_word' id='word_1_287' title='bbox 1235 4615 1340 4680; x_wconf 91' lang='lat' dir='ltr'><strong>orien-</strong></span> 
     </span>
     <span class='ocr_line' id='line_1_38' title="bbox 287 4718 1341 4806; baseline 0 -18"><span class='ocrx_word' id='word_1_288' title='bbox 287 4721 348 4788; x_wconf 83' lang='lat' dir='ltr'><strong>tali</strong></span> <span class='ocrx_word' id='word_1_289' title='bbox 381 4721 447 4786; x_wconf 85' lang='lat' dir='ltr'><strong>viae</strong></span> <span class='ocrx_word' id='word_1_290' title='bbox 470 4741 544 4806; x_wconf 83' lang='lat' dir='ltr'><strong>quae</strong></span> <span class='ocrx_word' id='word_1_291' title='bbox 568 4718 661 4786; x_wconf 89' lang='lat' dir='ltr'><strong>ducit</strong></span> <span class='ocrx_word' id='word_1_292' title='bbox 687 4741 802 4785; x_wconf 83' lang='lat' dir='ltr'><strong>versus</strong></span> <span class='ocrx_word' id='word_1_293' title='bbox 834 4719 1031 4806; x_wconf 87' lang='lat' dir='ltr'><strong>praedictum</strong></span> <span class='ocrx_word' id='word_1_294' title='bbox 1054 4718 1288 4798; x_wconf 86' lang='lat' dir='ltr'><strong>molendinum,</strong></span> <span class='ocrx_word' id='word_1_295' title='bbox 1320 4742 1341 4788; x_wconf 83' lang='lat' dir='ltr'><strong>a</strong></span> 
     </span>
    </p>
   </div>
   <div class='ocr_carea' id='block_1_5' title="bbox 0 0 1789 5808">
    <p class='ocr_par' dir='ltr' id='par_1_5' title="bbox 0 0 1789 5808">
     <span class='ocr_line' id='line_1_39' title="bbox 0 0 1789 5808; baseline 0 0"><span class='ocrx_word' id='word_1_296' title='bbox 0 0 1789 5808; x_wconf 95' lang='lat' dir='ltr'><strong> </strong></span> 
     </span>
    </p>
   </div>
  </div>
 </body>
</html>
