3566 5820
530 955 728 1010 sssrsrnun
750 955 1073 1009 nlnnssnurunnsn
1262 941 1326 1013 197

278 1142 476 1208 remissionis
499 1148 533 1207 et
555 1143 677 1229 qrrietae
699 1143 884 1212 clamantiee
916 1143 979 1209 hoc
1013 1143 1171 1229 seriptum
1203 1141 1325 1208 eisdem

277 1245 390 1312 abbati
412 1251 445 1311 et
468 1248 647 1313 conventui
669 1248 739 1325 feci,
762 1254 797 1313 et
820 1270 892 1313 eam
914 1245 1023 1336 sigillo
1053 1267 1125 1312 mco
1148 1245 1286 1332 signavi.

645 1536 723 1604 Cir.
748 1534 959 1603 OOOXXIX.

280 1697 382 1766 Carta
407 1699 560 1766 daonii·
587 1699 626 1766 de
654 1699 806 1777 Wottonc,
831 1706 860 1764 et
883 1699 1026 1786 Apaatis
1049 1693 1183 1784 Papio
1206 1694 1325 1763 sacrm

427 1823 505 1880 suco,
528 1801 569 1867 de
591 1801 745 1896 quadam
767 1809 858 1868 torro
882 1799 980 1888 opud
1001 1799 1179 1866 Paritona.

323 1960 438 2028 Sciant
460 1968 636 2049 praesentes
660 1968 695 2030 et
716 1963 824 2028 futuri
856 1963 945 2050 quod
976 1983 1036 2027 nos
1071 1960 1248 2027 Gervasius
1283 1958 1325 2024 do
1338 1964 1461 2018 Grsntot

279 2063 433 2132 Wottone
456 2072 490 2132 et
512 2067 624 2154 Agnes
647 2066 773 2154 Paynel
796 2087 984 2144 usserman,
1007 2063 1155 2130 unanimi
1190 2083 1324 2128 assensu
1337 2031 1444 2150 {iffi

278 2172 313 2233 et
345 2169 525 2246 voluntate,
560 2170 718 2247 dedimus,
752 2167 978 2247 concessimus,
1009 2173 1043 2233 et
1074 2167 1136 2233 hac
1169 2164 1447 2253 praesentifiaaco.

279 2275 367 2336 carta
404 2277 517 2338 nostra
554 2272 820 2338 confirmavimus
858 2270 937 2351 Deo,
976 2275 1011 2335 et
1048 2269 1190 2336 eeclesiae
1228 2268 1325 2334 Beati

279 2371 423 2436 Aldelmi
455 2373 495 2437 de
539 2373 781 2452 Malmesburia,
817 2378 851 2438 et
893 2372 1026 2437 domino
1059 2369 1224 2435 Willelmo
1267 2368 1325 2435 ab·

278 2474 356 2553 bati,
380 2481 414 2542 et
436 2475 604 2542 monachis
626 2477 749 2542 ibidem
772 2475 843 2540 Deo
872 2475 1101 2551 servientibus,
1123 2479 1228 2538 totam
1260 2479 1323 2537 ter-

278 2600 346 2644 ram
379 2600 454 2644 cum
488 2579 640 2644 omnibus
672 2580 739 2644 suis
773 2579 984 2665 pertinentiis
1017 2599 1116 2664 quam
1148 2575 1324 2641 habuimus

278 2680 313 2744 in
344 2681 427 2748 villa
458 2681 498 2746 de
522 2681 699 2747 Puritone:
724 2680 909 2747 habendam
943 2686 977 2745 et
1008 2679 1185 2749 tenendam
1219 2683 1324 2744 totam

278 2783 469 2868 praedictam
493 2789 622 2862 terram,
645 2805 721 2850 omn
754 2783 913 2862 domibus,
943 2783 1100 2869 gardinis,
1122 2781 1325 2868 curtillsgiis,

278 2885 395 2965 moitis,
420 2887 532 2973 pratis,
554 2887 685 2973 pascuis
707 2890 742 2952 et
773 2887 926 2973 pasturis,
951 2885 1136 2952 redditibus
1161 2891 1195 2951 et
1221 2884 1326 2949 omni-

278 2986 339 3054 bus
369 2989 444 3054 aliis
477 2989 583 3066 rebus,
616 2989 826 3056 libertatibus
865 2996 899 3056 et
936 2989 1048 3055 liberis
1079 2986 1326 3055 consuetudini-

277 3090 338 3156 bus
359 3092 404 3158 ad
435 3093 627 3179 praedictam
661 3099 783 3160 terram
814 3092 1045 3178 aliquomodo
1072 3090 1325 3177 pertinentibus,

278 3215 352 3258 eum
375 3195 526 3260 onmibus
549 3195 622 3260 aliis
645 3195 805 3262 eschaetis
828 3217 902 3282 quae
934 3195 1029 3260 nobis
1060 3200 1120 3260 aut
1151 3193 1326 3258 heredibus
1446 3283 1447 3288 ἵ

275 3297 397 3364 nosuis
420 3299 585 3364 occasione
609 3299 775 3385 praedictee
791 3303 887 3364 terrae
910 3298 1055 3365 accidere
1078 3302 1221 3384 possent,
1243 3319 1324 3383 prae-

277 3400 375 3466 dietis
415 3400 528 3468 abbati
567 3407 602 3466 et
638 3402 816 3468 conventui
853 3406 888 3467 et
929 3421 1041 3467 eorum
1079 3399 1325 3478 suecessoribus,

276 3501 386 3582 libere,
409 3501 528 3588 quiete,
551 3503 634 3570 bene
657 3509 691 3569 et
713 3504 749 3568 in
771 3525 851 3590 pace
874 3504 1137 3590 imperpetuum:
1159 3502 1326 3568 reddendo

277 3605 353 3671 inde
376 3607 550 3673 annuatim
573 3607 707 3694 capitali
730 3608 863 3676 domino
878 3607 966 3676 feodi
989 3607 1139 3673 terminis
1162 3607 1325 3674 consuetis

278 3708 423 3795 quinque
445 3708 564 3774 solidos
588 3709 718 3796 argenti
740 3731 800 3796 pro
824 3710 914 3776 omni
936 3709 1075 3776 servicio
1098 3707 1246 3788 seculari,
1269 3731 1325 3775 ex·

277 3809 403 3876 actione
427 3817 461 3878 et
484 3811 654 3878 demanda.
689 3811 734 3876 Et
755 3833 815 3878 nos
839 3811 1026 3892 Gervasius
1049 3816 1085 3880 et
1106 3811 1219 3899 Agnes
1241 3833 1326 3879 uxor

276 3934 356 3990 mea,
380 3919 415 3978 et
435 3911 572 3980 heredes
601 3915 717 3993 nostri,
739 3918 847 3982 totam
869 3915 1061 4002 praedictam
1093 3913 1215 3982 terram
1250 3938 1324 3984 cum

278 4016 430 4082 omnibus
461 4018 670 4104 pertinentiis
704 4019 780 4098 suis,
811 4019 898 4086 sicut
931 4020 1126 4106 praedictum
1158 4025 1215 4099 est,
1242 4041 1325 4108 prae-

275 4118 371 4185 dictis
404 4118 518 4186 abbati
558 4127 593 4188 et
629 4121 808 4188 conventui
854 4127 888 4188 et
937 4145 1050 4190 eorum
1087 4123 1325 4190 successoribus

276 4225 391 4289 eontra
420 4244 532 4290 omnes
565 4223 718 4290 mortales
750 4225 992 4312 imperpetuum
1027 4225 1324 4292 warantizabimus.

277 4324 323 4390 Et
345 4331 385 4390 ut
406 4323 477 4392 haec
499 4326 633 4392 donatio
655 4333 689 4396 et
712 4329 873 4394 concessio
895 4334 1009 4396 nostra
1038 4329 1138 4395 robur
1171 4335 1324 4416 perpetu-

275 4427 368 4494 itatis
390 4427 427 4492 in
449 4450 483 4494 se
506 4430 689 4514 optineant,
710 4421 797 4519 hinc
829 4437 955 4498 cartam
987 4432 1110 4499 eisdem
1141 4432 1255 4498 abbati
1290 4437 1325 4497 et

275 4531 453 4598 conventui
475 4531 621 4611 fecimus,
643 4538 771 4618 et'eam
795 4534 913 4622 sigillis
936 4536 1057 4602 nostris
1081 4535 1292 4624 signavimus.
