3526 5810
252 1592 336 1644 Grani
347 1589 377 1641 os

251 1659 295 1708 the
306 1659 379 1708 here·

419 844 483 912 318
671 859 869 910 sumemus
894 858 1218 910 umunssunmusc.

756 1179 836 1246 One.
861 1179 1134 1247 CCCCXXXVI.

442 1330 546 1396 Ocelo
572 1331 698 1398 Osberti
720 1332 850 1398 obbatis
873 1333 1126 1400 Moloecsbuoioe
1143 1333 1238 1419 facto
1261 1333 1452 1418 Reyioctdo

593 1433 673 1520 filio
696 1433 852 1502 Simonis
875 1437 915 1501 de
938 1437 1137 1521 omyistere'o
1154 1437 1287 1521 joouoe.

465 1583 592 1650 Notum
616 1589 660 1650 sit
686 1587 840 1651 omnibus
863 1593 931 1652 tam
959 1587 1178 1673 praesentibus
1210 1611 1310 1673 quam
1345 1589 1472 1666 futuris,

252 1688 507 1788 ffimquuod
530 1710 590 1774 ego
615 1687 776 1753 Osbertus
799 1689 862 1753 Dei
890 1691 999 1776 gratia
1021 1689 1124 1754 abbas
1147 1690 1400 1767 Malmesburiae,
1424 1713 1472 1755 as-

251 1790 390 1854 tershipof
420 1811 518 1852 sensu
541 1792 644 1854 totius
668 1797 859 1868 conventus,
882 1793 1025 1857 concessi
1053 1791 1236 1877 Reginaido
1266 1791 1335 1856 filio
1359 1793 1474 1877 Syme·

251 1857 295 1908 the
307 1865 372 1923 gnte.
447 1892 452 1904 .

419 1913 472 1954 n1s
495 1893 631 1976 portarii
654 1894 759 1958 nostri
775 1899 810 1958 et
831 1892 1008 1958 heredibus
1023 1893 1092 1957 suis
1115 1893 1341 1979 magisterium
1360 1895 1472 1978 januae

420 1999 559 2071 nostrae3
582 1995 763 2059 tenendum
786 2017 806 2060 a
828 1996 924 2060 nobis
944 1995 1018 2080 jure
1049 1994 1248 2060 hereditario
1272 2017 1346 2061 cum
1369 1999 1471 2061 omni-

420 2093 482 2159 bus
516 2095 611 2159 bonis
649 2096 944 2161 consuetudinibus
983 2117 1065 2182 quas
1104 2097 1223 2162 habuit
1261 2105 1356 2182 pater
1392 2099 1471 2185 ejus,

421 2199 567 2284 exceptis
590 2199 746 2283 pugnatis
769 2197 965 2285 praebendae,
987 2219 1046 2284 pro
1081 2199 1202 2284 quibus
1235 2199 1373 2265 habebit
1406 2201 1472 2264 sin·

421 2298 507 2384 gulis
523 2299 675 2364 noctibus
698 2321 802 2364 unum
818 2300 1092 2385 praebendarium,
1116 2307 1151 2365 et
1169 2303 1318 2386 exceptis
1337 2303 1473 2387 justatis

422 2402 500 2465 novi
524 2401 662 2465 brucinii
694 2423 775 2486 quas
805 2402 983 2487 aliquando
1014 2403 1257 2488 calumpniatus
1281 2410 1336 2468 est
1386 2405 1473 2470 Sunt

422 2509 533 2567 autem
557 2502 628 2566 haec
659 2505 914 2569 consuetudines
938 2525 1019 2589 quas
1043 2503 1164 2569 habere
1188 2505 1306 2583 debet;
1340 2505 1472 2582 seilicet,

422 2605 488 2670 tale
512 2606 703 2682 comedium,
727 2606 824 2691 quale
848 2627 995 2692 unquam
1018 2616 1166 2692 tempore
1190 2608 1341 2694 Gregorii
1372 2609 1472 2673 abba·

421 2708 466 2770 tis
497 2707 614 2772 melius
638 2710 810 2774 consuevit
833 2709 962 2786 habere,
986 2710 1086 2773 etad
1112 2731 1194 2795 opus
1224 2711 1398 2776 servientis
1421 2712 1472 2775 sui

421 2829 540 2893 panem
564 2829 677 2884 unum,
701 2811 798 2873 etde
822 2809 960 2894 singulis
983 2811 1121 2874 summis
1143 2811 1307 2896 lignorum
1331 2817 1365 2876 et
1387 2812 1472 2897 bigis

423 2916 458 2974 et
489 2910 656 2995 plaustris,
691 2933 792 2975 unam
826 2911 987 2988 astallam,
1020 2919 1054 2977 et
1088 2935 1191 2977 unum
1229 2933 1363 2998 porcum
1399 2935 1472 2978 cum

420 3012 527 3097 porcis
550 3012 689 3077 abbatis.
736 3013 791 3078 Ita
813 3019 925 3078 tamen
948 3016 1036 3100 quod
1059 3016 1087 3079 si
1103 3017 1245 3081 vendere
1267 3016 1362 3082 illum
1380 3017 1472 3082 volu·

421 3114 492 3190 erit,
526 3115 638 3199 potius
668 3114 764 3179 nobis
795 3114 889 3178 illum
920 3117 1046 3180 vendat
1078 3139 1176 3202 quam
1201 3117 1281 3182 aliis
1330 3118 1371 3182 In
1398 3118 1472 3184 soli-

421 3217 554 3281 datione
570 3238 648 3281 vero
671 3216 809 3282 habebit
824 3218 969 3302 quinque
992 3239 1084 3283 acras
1102 3219 1292 3286 dimidiatas
1314 3221 1473 3285 frumenti

421 3325 455 3384 et
477 3340 600 3395 avenae,
624 3319 685 3383 vel·
709 3319 819 3384 decem
852 3320 972 3384 solidos
994 3321 1023 3384 si
1056 3322 1171 3386 abbati
1203 3321 1371 3406 placuerit.
1417 3324 1471 3388 Ad

420 3421 530 3506 ipsum
552 3442 630 3486 vero
660 3422 806 3506 pertinet
828 3423 1101 3487 summonitiones
1124 3424 1238 3500 facere,
1261 3445 1336 3509 quae
1370 3427 1471 3510 perti·

420 3529 502 3588 nent
525 3522 567 3588 ad
590 3523 712 3587 milites
735 3529 769 3588 et
791 3524 834 3589 ad
865 3523 985 3588 liberos
1006 3523 1156 3590 homines
1187 3547 1246 3610 per
1269 3524 1470 3604 abbathiam,

421 3633 456 3691 et
478 3626 592 3690 brevia
614 3629 818 3690 mortuorum
835 3626 877 3691 ad
901 3625 1166 3692 Gloweoestn'am
1191 3629 1331 3706 mittere,
1348 3635 1382 3693 et
1396 3629 1470 3694 hos-

421 3730 506 3793 tium
545 3727 629 3792 aulse
667 3727 831 3792 custodire
874 3749 948 3792 oum
986 3726 1132 3814 hospites
1174 3730 1382 3806 comederint,
1417 3732 1471 3796 sel

420 3831 521 3894 abbas
544 3829 668 3893 curiam
704 3829 855 3905 tenuerit,
883 3834 917 3894 et
951 3830 1096 3915 prisoncs
1131 3830 1298 3896 abbathiae
1332 3853 1471 3898 servare.

422 3931 516 3995 Idem
543 3932 643 3995 etiam
675 3930 878 4016 Reginaldus
910 3929 993 3994 mihi
1016 3936 1051 3996 et
1072 3931 1217 3999 ecclesiae
1250 3938 1371 3999 nostrae
1403 3939 1471 4000 tres

421 4054 546 4098 mareas
578 4033 678 4110 dedit,
720 4039 759 4098 ut
791 4032 875 4098 hanc
913 4033 1105 4118 praedictam
1143 4036 1328 4120 pactionem
1368 4037 1469 4124 sigilli

421 4136 524 4201 nostri
548 4137 761 4221 impressione
783 4135 1055 4203 confirmaremus.
1102 4137 1179 4202 Hiis
1201 4138 1350 4205 testibus.
