3526 5810
545 900 742 950 naorsrnun
766 898 1088 948 nmnrssumnvss.
1279 885 1341 949 221

294 1085 378 1153 bunt
403 1089 504 1154 etiam
527 1089 609 1156 dicti
630 1090 733 1158 abbas
761 1095 797 1156 et
820 1091 1001 1155 conventus
1033 1109 1185 1173 campum
1216 1092 1344 1154 austra-

293 1189 357 1256 lem
388 1191 424 1256 in
455 1191 655 1259 Niwentone
686 1197 836 1282 quietum
868 1195 903 1256 et
924 1195 1098 1278 exceptum
1130 1210 1346 1257 acommuna

293 1292 465 1358 hominum
498 1295 540 1360 de
571 1295 733 1385 Asselego.
803 1295 925 1362 Omnes
956 1314 1035 1358 vero
1068 1291 1143 1358 aliae
1174 1297 1270 1360 terrae
1302 1292 1344 1357 ed

294 1395 397 1462 dictas
420 1395 518 1462 villas
544 1401 758 1484 pertinentes,
782 1405 817 1466 et
837 1399 985 1484 jacentes
1008 1396 1096 1461 inter
1119 1395 1224 1462 dictes
1248 1395 1345 1460 villas

292 1498 333 1562 de
356 1497 509 1586 Asselege
540 1506 575 1565 et
597 1503 638 1568 de
660 1503 871 1579 Niwentone,
894 1504 992 1566 erunt
1023 1499 1060 1563 in
1091 1503 1227 1584 pastura
1258 1501 1354 1564 com-‘

293 1622 430 1682 munes3
459 1603 592 1682 scilicet,
615 1627 636 1672 u
658 1627 756 1694 porco
789 1607 831 1671 de
853 1602 1008 1690 Asselege
1039 1623 1144 1687 usque
1175 1602 1218 1667 ad
1241 1601 1347 1668 Mere-

293 1705 388 1771 welle
410 1727 453 1770 ex
476 1708 614 1774 australi
637 1715 731 1795 perte
753 1709 870 1775 viridis
895 1706 1030 1784 semitas,
1053 1725 1128 1791 quoe
1147 1705 1237 1790 jacet
1258 1706 1347 1771 inter

293 1807 484 1874 Toteshulle
507 1815 542 1876 et
564 1811 757 1891 Merewelle,
781 1817 816 1878 et
846 1833 950 1898 usque
978 1810 1023 1875 ad
1052 1830 1190 1895 gravam
1220 1809 1262 1874 do
1284 1809 1346 1874 Ni-

293 1916 455 1990 wentone,
478 1917 513 1978 et
544 1935 648 2000 usque
671 1916 714 1980 ad
737 1916 863 1981 fontem
887 1914 944 1998 qui
967 1917 1106 1978 vocatur
1132 1911 1346 1989 Bradewolle,

292 2019 326 2080 ct
348 2036 451 2102 usque
473 2015 870 2103 adCleigetstonesdiohe.
911 2015 966 2081 Ita
980 2013 1068 2100 quod
1090 2013 1202 2079 nullus
1224 2016 1348 2099 poterit

265 2118 397 2184 'facere
423 2116 523 2183 isnltoc
553 2119 622 2184 sive
646 2121 814 2185 defensam
847 2119 884 2184 in
917 2117 1014 2183 dictis
1036 2117 1143 2194 terris,
1166 2117 1235 2182 sine
1259 2138 1347 2182 com·

293 2221 386 2286 muni
406 2221 543 2288 consilio
558 2227 592 2288 et
613 2245 751 2289 assensu
774 2223 947 2307 utriusque
970 2219 1061 2285 villae
1084 2220 1126 2284 de
1142 2219 1345 2286 Niwentono

291 2330 325 2389 et
347 2324 389 2389 de
410 2323 572 2412 Asselege.
619 2325 783 2393 Praeterea
806 2327 848 2391 dc
870 2329 977 2390 cetero
1001 2345 1069 2388 non
1091 2324 1174 2388 fient
1199 2324 1265 2390 viae
1291 2324 1346 2390 vel

293 2428 419 2494 semitae
449 2449 509 2514 per
530 2433 636 2494 terres
660 2429 823 2496 dictorum
852 2427 1058 2494 dominorum
1083 2425 1123 2491 de
1146 2425 1346 2492 Malmesbu-

292 2531 342 2596 rie
364 2535 399 2596 et
421 2530 463 2596 de
486 2530 649 2618 Asselege,
672 2533 737 2598 nisi
763 2531 823 2597 ubi
854 2531 1041 2616 antiquitus
1067 2551 1137 2595 esse
1170 2551 1347 2596 consueve-

293 2639 376 2699 rant.
439 2632 481 2698 In
511 2633 612 2720 hujus
643 2636 691 2700 rei
713 2635 942 2701 testimonium
974 2633 1037 2698 hoc
1067 2633 1227 2720 scriptum
1260 2634 1348 2698 inter

293 2757 346 2800 cos
368 2735 493 2801 factum
526 2734 585 2814 est,
608 2741 643 2802 et
675 2739 763 2823 porti
793 2735 980 2823 cirographi
1010 2735 1115 2822 ipsius
1138 2735 1279 2801 Walteri
1306 2736 1347 2802 de

293 2838 446 2926 Asselege
468 2859 614 2924 appense
636 2846 717 2905 sunt
733 2839 843 2927 sigillo
865 2839 1030 2905 dictorum
1059 2838 1190 2904 abbatis
1214 2844 1249 2904 ot
1271 2859 1347 2904 oon-

296 2944 415 3006 ventus
437 2941 479 3006 de
512 2940 756 3008 Melmesbuiia.
803 2942 894 3008 Parti
925 2963 1004 3008 vero
1026 2941 1223 3028 cyrographi
1245 2943 1349 3008 dicto-

292 3065 365 3108 rum
398 3043 528 3110 abbatis
553 3049 587 3109 et
609 3049 792 3110 conventus
815 3043 1058 3110 Malmesburiae
1091 3065 1272 3130 appensum
1297 3051 1348 3110 est

292 3145 437 3234 sigillum
461 3146 543 3212 dicti
564 3146 703 3212 Walteri
726 3147 766 3213 de
789 3146 951 3234 Asselcgo.
1000 3145 1076 3212 Hiis
1099 3146 1249 3224 testibus,
1272 3152 1331 3214 etc

651 3364 730 3431 Gar.
755 3363 998 3434 OOOXLVIII.

295 3506 341 3572 De
364 3511 455 3572 terro
477 3527 627 3572 muccoso
657 3505 808 3592 diuolso
833 3507 915 3593 filio
937 3513 967 3574 et
989 3506 1103 3572 herodi
1124 3506 1278 3574 Simonis
1310 3508 1348 3574 de

381 3608 478 3675 Sciet
506 3607 630 3694 Owcyn
661 3607 705 3674 in
731 3609 923 3676 Bocuttonc
959 3631 1037 3676 oum
1059 3617 1209 3697 postona
1236 3610 1348 3697 eujus·
1474 3703 1479 3714 1

384 3709 462 3777 libet
483 3711 616 3796 ponende
642 3712 838 3778 noeriorum
862 3712 937 3780 eine
963 3734 1116 3778 numero.

338 3851 502 3918 Robertus
524 3849 601 3917 Dei¹
623 3853 733 3938 gratia
753 3853 856 3918 sbbns
880 3852 1123 3920 Malmesburioe
1146 3859 1181 3920 et
1204 3853 1348 3940 ejusdem

295 3955 357 4022 loci
391 3960 584 4033 conventus,
620 3955 815 4022 universalis
850 3955 994 4022 ecclesiae
1029 3957 1116 4034 filiis,
1141 3957 1281 4024 salutem
1314 3960 1350 4025 in
1362 3915 1513 4048 iiiiiissde

295 4057 438 4122 Domino
476 4061 644 4124 eternam.
714 4056 857 4122 Noverit
902 4058 1102 4124 universitas
1141 4065 1253 4126 vestra
1290 4053 1519 4165 nos¹'¹¹i⁰23¹¹‘la
1651 4055 1652 4058 ¹

296 4159 460 4224 communi
491 4158 631 4244 capituli
664 4159 771 4224 nostri
804 4180 937 4224 ossensu
960 4163 995 4225 et
1029 4181 1189 4228 consensu
1212 4162 1350 4239 dedisse,
1363 4131 1435 4166 ⁰⁰³⁰
1453 4133 1478 4181 γ’

295 4262 496 4338 concessisse,
519 4266 554 4326 et
584 4261 647 4328 hac
678 4266 791 4328 nostra
820 4263 977 4348 praesenti
1011 4269 1103 4332 carta
1133 4267 1350 4344 confirmasse,

299 4362 437 4429 Emulfo
467 4361 536 4428 filio
558 4367 594 4428 et
623 4362 737 4428 heredi
755 4361 917 4449 symonis
952 4366 993 4431 de
1026 4365 1123 4432 Seint
1147 4368 1276 4454 Oweyn
1308 4369 1349 4434 de

298 4465 515 4550 Chelevvorte,
538 4485 639 4532 unam
663 4466 824 4552 virgatam
847 4467 1010 4553 integram
1033 4473 1129 4536 terre
1152 4470 1285 4538 arabilis
1308 4471 1348 4538 de

297 4568 460 4634 dominico
482 4572 594 4634 nostro
616 4589 693 4634 cum
723 4568 944 4654 pertinentiis,
967 4575 1100 4638 etcum
1122 4593 1189 4638 uno
1221 4595 1350 4640 mesua-

297 4671 353 4758 gio
374 4677 411 4738 et
431 4670 501 4736 suis
522 4671 671 4738 aedificiis
698 4671 734 4738 in
756 4671 950 4751 Burithone,
974 4695 1101 4742 necnon
1123 4681 1158 4742 et
1179 4697 1254 4744 cum
1275 4698 1349 4763 pas·

665 4861 673 4892 ¹
690 4860 757 4930 Dei]
772 4863 811 4925 dc,
822 4861 848 4914 in
859 4862 918 4916 MS.
