3578 5808
565 867 765 917 emersurum
789 867 1114 918 mmnnsnumausn.
1304 851 1376 919 107

281 1085 284 1094 Α
316 1053 482 1139 Stodleye‚
498 1053 702 1119 Wiilelmum
720 1053 887 1138 Esturmy,
904 1054 1120 1140 Gylebertum
1137 1055 1178 1119 de
1194 1055 1375 1132 Fincmore,

315 1157 482 1245 Rogerum
515 1156 546 1222 le
578 1155 691 1232 Blunt,
727 1156 903 1242 Hugonem
939 1155 969 1220 le
1005 1157 1138 1236 Mercer,
1172 1155 1375 1221 Willelmum

315 1257 410 1335 (iore,
435 1257 662 1323 Walkelinum
685 1257 716 1322 le
740 1256 853 1334 Blunt,
877 1261 979 1323 testes
1007 1257 1195 1322 nominatos
1225 1258 1261 1321 in
1291 1279 1377 1344 prae·

315 1359 405 1426 dicta
428 1365 527 1426 carta.
567 1359 611 1424 Et
633 1365 754 1446 praeter
776 1359 850 1425 illos
874 1360 930 1424 xii.
954 1382 1014 1446 per
1037 1383 1127 1446 quos,
1151 1365 1210 1426 etc.
1251 1359 1295 1425 Et
1318 1361 1375 1446 qui

314 1483 382 1540 nec,
406 1467 478 1539 etc,
501 1462 544 1527 ad
566 1461 873 1548 recognoscendum,
898 1466 957 1528 etc.

361 1563 406 1628 Et
428 1563 583 1628 similiter
612 1568 815 1649 praeceptum
838 1569 889 1628 est
911 1564 1098 1630 vicecomiti
1122 1564 1263 1630 Oxoniae
1285 1563 1375 1648 quod

314 1666 427 1731 venire
457 1666 559 1732 faciat
589 1665 645 1731 hic
678 1666 721 1730 ad
753 1665 893 1731 cundem
922 1667 1101 1732 terminum
1124 1667 1312 1734 Johaunem
1335 1666 1375 1732 de

316 1768 480 1835 Haddone
512 1776 545 1834 et
578 1767 764 1834 (ialfiidum
797 1769 837 1834 de
868 1770 1025 1849 Burtcne‚
1056 1776 1157 1836 testes
1188 1771 1375 1836 nominatos

316 1872 352 1934 in
383 1871 544 1957 praedicta
565 1875 657 1937 carta
679 1871 722 1936 ad
745 1873 1050 1957 recognoscendum,
1073 1873 1172 1938 simul
1195 1895 1270 1939 cum
1293 1894 1375 1959 prae·

316 1971 413 2038 dictis
461 1972 622 2051 testibus3
669 1977 703 2038 et
741 1973 800 2036 xii.
851 1973 891 2037 de
935 1975 1094 2040 comitatu
1134 1975 1311 2060 Wyltesir'‚
1347 1975 1376 2040 si

315 2075 493 2161 praedictus
516 2074 685 2141 Johannes
718 2074 758 2139 de
791 2075 1004 2154 Treminetcs,
1039 2084 1213 2163 postquam
1248 2078 1376 2142 dimisit

234 2199 239 2216 ·
315 2178 483 2264 praedictae
515 2178 692 2244 Oristianae
726 2177 920 2264 praedictam
963 2185 1085 2246 terram
1123 2180 1300 2245 tenendam
1332 2181 1375 2246 ad

299 2281 495 2348 ,terminum
527 2278 608 2345 vitae
641 2301 718 2357 suaa,
742 2281 883 2346 seofavit
913 2282 1019 2366 ipsam
1052 2282 1092 2346 de
1126 2283 1240 2348 eadem
1278 2288 1374 2359 terra,

317 2389 351 2447 et
386 2389 511 2450 cartam
546 2404 639 2448 suam
672 2383 712 2448 de
747 2383 948 2449 feofamentc
987 2386 1018 2449 ei
1057 2385 1134 2449 inde
1170 2385 1257 2462 secit,
1289 2387 1375 2451 sicut

316 2485 474 2572 praedicta
492 2485 659 2551 Cristiana
680 2485 770 2562 dicit,
786 2485 840 2551 vel
863 2507 936 2552 non.
975 2486 1062 2566 Quia
1084 2492 1162 2564 tam,
1179 2493 1239 2552 etc.
1280 2487 1374 2552 Idam

317 2588 386 2652 dies
409 2588 507 2653 datus
530 2593 581 2652 est
612 2587 780 2672 praedictae
804 2587 914 2654 Luciae
948 2611 1008 2674 per
1042 2594 1247 2654 attornatum
1276 2612 1373 2654 suum

318 2689 353 2753 in
385 2689 498 2766 banco,
532 2693 566 2753 et
598 2689 768 2754 sciendum
817 2689 906 2774 quod
944 2695 1036 2756 carta
1068 2690 1293 2776 calumpniam
1323 2713 1372 2756 re·

318 2797 430 2858 manet
452 2791 488 2855 in
511 2791 662 2856 custodia
683 2791 847 2856 Johaunis
869 2790 1020 2856 Blundel.

363 2893 482 2959 Postea
511 2913 619 2958 coram
646 2893 840 2978 justiciariis
869 2893 1103 2958 itinerantibus
1133 2894 1195 2971 hic,
1219 2895 1255 2959 in
1285 2899 1373 2961 octa-

319 2996 377 3062 bae
400 2995 515 3062 Sancti
538 2995 684 3081 Hyllarii
713 2995 808 3060 venit
838 2996 997 3082 praediota
1020 2996 1122 3061 Lucia
1151 3001 1185 3061 et
1215 2997 1374 3082 praedicta

320 3097 494 3177 ursiana,
518 3102 552 3162 et
584 3095 753 3162 Galfridus
783 3096 872 3160 filius
895 3096 1062 3174 willelmi,
1086 3119 1144 3183 per
1165 3103 1373 3168 attornatum

318 3201 549 3289 praedictorum
573 3198 715 3266 Galfiidi
738 3203 772 3264 et
795 3197 978 3277 Oristianae,
1006 3205 1040 3264 et
1071 3201 1255 3266 concedunt
1285 3202 1374 3287 quod

319 3303 478 3392 praedicta
494 3303 687 3389 juramenta
710 3301 885 3388 capiantur
907 3324 966 3389 per
988 3307 1229 3370 sacramentum
1251 3303 1373 3390 Rogeri

320 3407 361 3472 de
384 3406 542 3491 Stodleye
566 3407 628 3491 [et]
652 3404 805 3491 Hugonis
836 3404 867 3470 le
900 3405 1023 3472 Messer
1048 3407 1088 3472 de
1120 3407 1183 3472 hoc
1204 3408 1372 3485 comitatu,

319 3509 456 3575 testium
487 3507 734 3574 nominatorum
765 3507 802 3586 iu
840 3506 998 3592 praedicta
1031 3513 1122 3574 carta
1153 3530 1252 3594 quam
1290 3532 1372 3596 prae·
1459 3557 1463 3562 -

320 3611 410 3678 dicta
447 3611 615 3678 Cristiana
659 3609 791 3696 profert,
838 3611 900 3677 sub
946 3611 1077 3677 nomine
1123 3610 1286 3678 Johaunis
1332 3614 1373 3678 de
1387 3626 1404 3678 f.
1417 3631 1474 3677 ποι.

320 3713 540 3791 Treminotes'
554 3718 589 3779 et
611 3734 670 3799 per
691 3718 933 3778 sacramentum
955 3712 1115 3810 Willelmi
1138 3715 1179 3780 de
1202 3715 1372 3794 Caunvile,

320 3818 484 3885 Johannis
519 3817 668 3894 Maudut,
700 3815 822 3904 Rogeri
861 3817 902 3882 de
935 3817 1117 3896 Celcstone,
1151 3817 1297 3905 Philippi
1332 3820 1372 3884 de

321 3921 493 4006 Berewyk‚
510 3918 680 4005 Radulphi
703 3919 744 3984 de
767 3918 961 3998 Bernewell‚
984 3919 1130 4007 Philippi
1154 3919 1195 3985 de
1214 3920 1372 3988 Oumber-
1479 3927 1483 3932 '

323 4024 404 4102 well,
432 4024 587 4111 Hugonis
621 4023 682 4086 filii
715 4022 871 4109 Philippi,
902 4023 1039 4089 Henrici
1064 4023 1205 4100 Pinnok,
1231 4022 1373 4090 Galfiidi

320 4127 350 4192 le
374 4127 452 4213 Eyr,
476 4131 511 4190 et
540 4125 673 4191 Ricardi
696 4124 905 4202 Attenorthe‚
924 4125 1111 4211 juratorum
1142 4127 1183 4193 de
1213 4149 1373 4193 consensu

320 4230 464 4317 partium
488 4227 676 4304 electorum,
698 4248 766 4292 non
789 4233 980 4320 exspectata
1009 4231 1189 4315 praesencia
1211 4229 1373 4296 Johannis

321 4333 361 4398 de
384 4331 546 4398 Haddone
571 4336 605 4396 et
628 4329 769 4396 Galfridi
793 4330 834 4395 de
867 4331 1023 4408 Burtone,
1046 4334 1183 4400 testium
1217 4333 1253 4397 in
1290 4355 1373 4420 pmc-

321 4435 410 4501 dicta
431 4439 523 4500 carta
545 4433 800 4512 nominatorum,
823 4455 861 4499 eo
884 4434 971 4519 quod
994 4435 1058 4521 ipsi
1081 4458 1148 4502 non
1171 4443 1341 4502 venerunt.

365 4537 409 4602 Et
440 4537 519 4623 quia
550 4535 698 4623 Rogems
730 4533 771 4600 de
804 4535 961 4623 Stodleye
985 4543 1019 4602 et
1054 4539 1153 4627 Hugo
1184 4540 1215 4606 le
1241 4542 1372 4620 Messer,

321 4647 429 4717 testes,
466 4646 501 4704 et
545 4637 695 4726 praedicti
737 4637 920 4704 Willelmus
958 4641 998 4706 de
1038 4639 1199 4707 Caunvile
1236 4648 1271 4709 et
1314 4645 1374 4711 alii

317 4744 431 4834 jurati,
453 4743 495 4809 de
522 4763 682 4810 consensu
715 4741 861 4826 partium
892 4743 996 4820 electi,
1019 4744 1161 4810 veniunt
1193 4751 1227 4812 et
1257 4746 1375 4815 dicunt
