3578 5808
224 1900 242 1951 f.
257 1905 311 1950 199.

396 872 442 938 62
651 883 852 933 anorsrsuu
875 882 1199 933 ununnsnunrnrsa.

393 1083 409 1108 “
432 1072 635 1159 ‘apostoliea
673 1073 796 1159 scripta
827 1071 1030 1149 mandamus,
1054 1074 1211 1158 quatinus
1241 1073 1367 1139 vocatis
1390 1075 1448 1160 qui

393 1185 408 1210 “
432 1176 580 1240 ‘fuerint
601 1176 750 1252 vocandi,
784 1179 818 1240 et
848 1175 1009 1261 inquisita
1031 1196 1130 1261 super
1159 1175 1224 1240 hiis
1255 1175 1447 1263 diligentius

392 1287 409 1312 “
433 1279 609 1355 ‘veritate
632 1299 671 1343 ea
693 1299 768 1362 quae
791 1278 828 1341 in
851 1277 955 1364 ipsius
978 1277 1121 1343 ecclesiae
1144 1277 1374 1364 praejudicium
1396 1280 1447 1343 in-

392 1390 409 1416 “
433 1381 612 1446 ‘veneritis
643 1385 765 1445 temere
797 1385 998 1466 attemptata
1030 1380 1066 1443 in
1089 1379 1220 1444 irritum
1249 1387 1447 1460 revocantes,

392 1491 409 1519 “
433 1484 545 1569 ‘quod
565 1483 758 1548 canonicum
774 1482 881 1560 fuerit,
898 1481 1118 1568 appellatione
1133 1488 1266 1559 remota,
1283 1485 1448 1560 statuatis,

392 1595 407 1620 “
432 1587 614 1651 ‘facientes
637 1584 724 1670 quod
750 1584 969 1664 decreveritis
993 1589 1053 1648 etc.
1100 1583 1214 1649 Testes
1240 1591 1362 1663 autem,
1386 1591 1445 1651 etc.

393 1697 409 1722 ‘¹
432 1688 549 1770 ‘Quod
579 1689 606 1752 si
630 1708 697 1752 non
720 1709 841 1764 omnes,
864 1692 923 1752 etc.
969 1686 1096 1752 Datum
1120 1685 1201 1765 Lat,
1224 1687 1299 1752 idus
1323 1687 1446 1753 Martii·

393 1799 410 1824 “
433 1790 669 1876 ‘pontificatus
691 1791 797 1854 nostri
821 1811 908 1854 anno
931 1789 986 1852 iii.¹

438 1893 577 1980 “Hujus
624 1893 728 1980 igitur
773 1893 971 1958 auctoritate
1009 1891 1159 1958 mandati
1208 1892 1302 1958 vobis
1355 1914 1447 1958 man-

393 2005 410 2030 “
432 1997 549 2062 damus
587 1995 745 2081 quatinus
779 1995 820 2059 de
858 1995 948 2060 diota
981 2015 1080 2060 causa
1110 1997 1321 2081 cognoscatis,
1357 1996 1445 2061 vices

392 2108 410 2133 “
432 2103 560 2164 nostras
583 2099 625 2162 ad
648 2102 755 2162 totam
771 2117 902 2162 causam
918 2097 1170 2175 committentes,
1185 2119 1223 2162 eo
1241 2098 1328 2182 quod
1344 2098 1445 2163 variis

392 2210 409 2234 “
434 2206 468 2265 et
483 2200 556 2266 aliis
572 2200 685 2265 arduis
707 2199 851 2285 negociis
874 2198 1011 2277 detenti,
1027 2200 1209 2287 cognitioni
1224 2199 1323 2266 dictae
1339 2222 1445 2266 causae

393 2313 408 2338 “
432 2304 588 2369 interesse
603 2324 670 2368 nou
682 2323 863 2388 possumne,
876 2306 985 2366 ratum
999 2307 1034 2367 et
1048 2307 1181 2388 gratum
1197 2302 1344 2368 habituri
1357 2305 1446 2389 quio-

394 2415 409 2441 “
434 2406 514 2492 quid
536 2407 572 2469 in
595 2405 685 2470 dicta
707 2425 805 2469 causa
829 2424 938 2468 coram
961 2403 1055 2468 vobis
1078 2411 1190 2470 actum
1214 2404 1314 2470 fuerit
1326 2430 1334 2484 3
1357 2405 1444 2471 idem

393 2507 584 2594 “partibus
617 2507 812 2593 signamus.''
873 2505 1074 2591 Hujusmodi
1110 2507 1214 2593 igitur
1248 2511 1444 2577 auctoritate

392 2609 542 2676 mandati
566 2609 716 2693 partibus
739 2629 847 2673 coram
870 2608 965 2673 nobis
990 2609 1263 2694 comparentibus,
1281 2611 1390 2677 dictus
1413 2613 1444 2680 J.

392 2717 499 2778 rector
521 2710 663 2776 ecclesiae
686 2710 727 2776 de
744 2709 1005 2796 Ored[deweile]‚
1024 2711 1157 2776 nomine
1176 2712 1322 2797 ejusdem
1348 2715 1445 2781 eccle-

394 2815 450 2878 siae
474 2815 510 2877 in
533 2812 623 2878 hunc
645 2812 778 2877 modum
802 2833 895 2877 suam
914 2811 1071 2877 fundavit
1091 2813 1318 2879 intentionem.
1355 2815 1445 2882 Petit

393 2938 413 2980 a
436 2914 530 2980 vobis
550 2914 710 2980 decimam
725 2913 899 2999 garbarum
916 2914 951 2976 in
967 2913 1048 2978 villa
1070 2914 1111 2978 de
1134 2913 1395 3002 Ored[dewelle]‚
1411 2925 1445 2983 et

391 3017 428 3081 in
443 3016 524 3081 villa
539 3016 580 3081 de
598 3015 740 3090 Estcote,
757 3020 791 3080 et
813 3015 849 3078 in
864 3014 1208 3101 Westcred[dewellc]‚
1233 3022 1268 3082 ot
1289 3018 1325 3082 in
1348 3019 1445 3086 Chel-

392 3118 556 3194 lewrdem,
573 3123 607 3182 et
629 3119 665 3181 in
689 3116 842 3193 Morcote,
858 3137 940 3201 quas
963 3117 1105 3182 decimas
1128 3119 1252 3203 injuste
1268 3121 1444 3207 percipitis,

391 3220 534 3306 eoquod
557 3219 597 3285 de
615 3221 691 3304 jure
714 3220 883 3304 pertinent
904 3219 947 3284 ad
971 3219 1139 3286 ecclesiam
1162 3243 1255 3286 suam
1279 3224 1320 3288 de
1343 3223 1443 3290 Gred-

393 3323 568 3408 [dewelle],
590 3323 626 3385 in
649 3342 790 3406 quarum
812 3323 1014 3407 possessione
1037 3322 1103 3388 fuit
1125 3323 1214 3388 diota
1245 3325 1380 3392 ecclesia
1401 3327 1444 3392 ab

392 3426 539 3508 antique,
562 3422 765 3488 etintendit
794 3425 1026 3508 possessorium
1050 3429 1084 3489 et
1111 3426 1311 3511 petitorium.
1357 3429 1442 3494 Item

391 3526 478 3610 petit
500 3546 521 3589 a
542 3523 636 3589 vobis
652 3523 794 3589 decimas
810 3525 855 3588 ix.
875 3525 1047 3610 hydarum,
1064 3547 1145 3611 quas
1161 3526 1257 3593 hidas
1272 3531 1392 3595 tenetis
1407 3532 1442 3595 in

392 3627 563 3702 dominico,
580 3647 653 3711 quae
669 3625 709 3690 de
727 3626 801 3710 jure
817 3627 985 3712 pertinent
999 3627 1042 3692 ad
1058 3628 1250 3713 praedictam
1267 3629 1444 3712 ecclesiam,

307 3715 316 3730 ⁸
392 3736 427 3796 ct
448 3731 484 3794 in
500 3750 637 3815 quarum
659 3728 859 3814 possessione
875 3728 940 3792 fuit
955 3727 1068 3793 eadem
1083 3729 1219 3796 ecclesia
1236 3732 1279 3796 ab
1296 3733 1443 3819 antiquo,

391 3854 490 3919 super
505 3831 570 3896 hiis
593 3831 694 3896 etiam
728 3831 904 3896 intendens
927 3832 1159 3916 possessorium
1183 3839 1217 3898 et
1242 3835 1442 3919 petitorium.

392 3934 479 4000 Item
510 3934 596 4021 petit
629 3955 650 3997 a
680 3932 776 3998 vobis
806 3932 949 3998 decimas
986 3933 1068 3999 foeni
1100 3935 1141 4000 de
1178 3940 1249 4000 toto
1280 3937 1443 4005 dominico

391 4042 502 4102 vestro
524 4037 560 4098 in
583 4034 738 4122 parochia
759 4035 800 4100 de
817 4033 1078 4120 Ored[dewelle],
1095 4057 1176 4121 quas
1199 4037 1281 4104 dicit
1307 4039 1348 4104 de
1366 4041 1443 4126 jure

391 4139 434 4203 ad
473 4137 639 4204 ecclesiam
678 4156 771 4201 suam
811 4137 984 4221 pertinere,
1031 4158 1129 4224 super
1166 4139 1230 4204 hiis
1268 4140 1443 4209 intendens

391 4240 591 4327 petitorium.
649 4238 735 4303 Item
759 4239 845 4324 petit
874 4239 1017 4303 decimas
1040 4239 1081 4304 de
1113 4239 1217 4305 Breoh
1241 4243 1443 4327 pertinentes

392 4343 435 4408 ad
466 4342 588 4406 dictam
612 4340 780 4406 ecclesiam
803 4340 844 4405 de
866 4340 950 4427 jure,
973 4361 1011 4406 eo
1036 4343 1124 4426 quod
1147 4343 1220 4408 sitae
1253 4351 1333 4410 sunt
1354 4346 1443 4413 infra

392 4445 516 4509 limites
551 4443 713 4529 pamohiae
752 4463 827 4520 suae,
858 4464 957 4528 super
986 4443 1051 4508 hiis
1083 4444 1235 4512 similiter
1267 4448 1443 4516 intendens

393 4545 595 4634 petitorium.
655 4544 746 4610 Petit
784 4546 884 4610 etiam
923 4567 1024 4609 unam
1062 4546 1226 4633 virgatam
1272 4553 1369 4616 terne
1406 4552 1442 4616 in

394 4647 474 4714 villa
497 4647 537 4712 de
568 4645 709 4723 Estcote,
747 4645 842 4711 vobis
880 4668 900 4712 a
939 4645 1073 4734 Rogero,
1113 4650 1279 4738 quondam
1318 4657 1442 4720 rectore
