3514 5818
393 771 490 838 lxviii
838 791 999 840 nomnen.

429 976 499 1048 Cep.
518 977 598 1032 LIX.
618 977 706 1034 Corte
723 977 846 1034 Wolteri
864 978 1005 1034 Hendsex
1021 978 1100 1036 teoto
1117 978 1205 1034 elteri
1231 979 1265 1034 B.
1284 977 1388 1034 Mnrite
1413 978 1450 1034 de

551 1061 670 1118 redditu
688 1061 726 1116 vi.
745 1062 772 1115 d.
801 1061 837 1116 de
862 1061 1014 1132 mesuagio
1038 1061 1208 1134 Beldewyni
1234 1060 1391 1132 Pellepnrii
1417 1060 1448 1116 In

552 1145 710 1215 Weetport.

517 1226 579 1282 LX.
599 1227 687 1282 Certe
710 1227 810 1282 Xlenae
834 1227 870 1282 de
892 1226 1072 1283 Moneeterio
1099 1228 1135 1283 de
1162 1228 1282 1284 redditu
1299 1231 1338 1282 vi.
1357 1227 1384 1282 d.
1411 1226 1447 1282 de

551 1330 610 1366 nne
627 1312 713 1368 domo
732 1312 763 1366 in
781 1313 931 1382 Weetport
949 1312 980 1366 in
997 1312 1064 1368 vieo
1080 1329 1183 1369 versus
1201 1313 1326 1368 Pontem
1337 1311 1447 1366 Turke·

551 1393 588 1448 til
602 1393 688 1464 juxte
704 1394 816 1449 fontem
834 1394 865 1448 in
884 1394 1020 1450 orientali
1039 1401 1131 1466 porte.

515 1469 594 1532 LXI.
615 1476 704 1532 Certe
721 1477 802 1532 Petri
819 1477 957 1548 Tourpyn
977 1476 1013 1532 de
1032 1478 1158 1548 quedem
1183 1483 1267 1548 perte
1286 1475 1446 1532 tenementi

550 1559 581 1614 in
599 1558 748 1630 Woetport
765 1559 844 1614 facte
861 1557 959 1612 abbati
977 1563 1008 1614 et
1024 1557 1182 1614 eonventni
1200 1559 1301 1614 Melm.

514 1643 719 1700 meare
737 1643 854 1698 'Rednlfi
872 1642 1018 1713 Herdyng
1036 1643 1115 1697 fecto
1133 1640 1273 1697 luminari
1291 1641 1391 1698 altaris
1409 1642 1444 1698 B.

513 1727 735 1882 LXMIIaIioeIIerte
752 1809 824 1863 Adae
844 1807 914 1863 Oooi
932 1807 1011 1869 seete
1029 1808 1115 1862 elteri
1134 1808 1167 1862 B.
1188 1807 1290 1862 Mariae
1309 1809 1346 1863 de
1365 1814 1442 1864 tene·

548 1899 646 1948 mento
665 1893 821 1962 Blepenne.

511 1988 642 2044 LXIIII.
663 1987 752 2044 carta
768 1982 843 2042 Inde
862 1985 932 2041 Coei
950 1985 1028 2042 teoto
1046 1985 1172 2042 Rioerdo
1190 1985 1378 2057 Kykelyonre
1405 1985 1442 2042 de

547 2077 714 2127 tenemento
732 2070 888 2139 Blepenne.

512 2166 602 2222 LXV.
623 2165 771 2235 Scriptum
791 2162 934 2219 Willelmi
959 2163 995 2218 de
1024 2161 1222 2218 Herredbonr’
1241 2163 1320 2218 seete
1344 2163 1442 2220 abbati

546 2249 646 2302 Molm.
666 2248 702 2302 de
720 2251 888 2302 tenemento
906 2245 1063 2315 Blepenne.

510 2342 618 2398 LXVI.
638 2342 728 2398 carta
752 2339 895 2398 Willelmi
922 2339 1035 2394 ebbetie
1060 2339 1139 2394 fecte
1156 2339 1305 2396 WilleImo
1323 2341 1441 2396 Aseelot

545 2426 581 2481 de
599 2443 658 2482 uno
675 2423 832 2494 curtilagio
849 2423 882 2477 in
899 2422 1072 2477 anevole.

509 2521 633 2576 LXVII.
653 2519 804 2575 Retexetio
822 2517 842 2571 J
843 2515 966 2572 ohannis
982 2517 1074 2586 Olyve
1091 2516 1128 2572 de
1145 2521 1314 2572 tenemento
1332 2517 1437 2574 Hense·

544 2604 586 2657 lot
603 2603 635 2656 in
654 2602 820 2671 Bnrnynele
838 2600 916 2655 fecta
935 2599 1056 2670 Symoni
1074 2599 1180 2654 ebbeti.

509 2697 652 2753 LXVIII.
672 2697 761 2752 Certe
787 2696 936 2751 Edmundi
961 2695 997 2752 de
1016 2695 1125 2752 Combe
1150 2697 1187 2751 de
1214 2697 1333 2752 redditu
1358 2703 1437 2754 tene-

543 2780 635 2836 menti
655 2779 770 2834 Aeeelot
789 2779 820 2833 in
839 2779 1003 2834 Burnevele
1022 2777 1100 2833 fecto
1117 2775 1246 2834 Johenni
1265 2778 1436 2836 Grntenem.

495 2877 616 2959 LXIX.
636 2876 725 2933 Onrte
741 2874 884 2932 Johnnnis
904 2873 1086 2930 Grutenhem
1105 2873 1140 2931 de
1164 2876 1283 2932 redditu
1301 2875 1333 2932 in
1356 2882 1436 2935 tene-

541 2965 640 3016 mento
657 2960 776 3016 Aeseiot
792 2959 823 3014 in
842 2959 1005 3015 Burnevele
1024 2957 1103 3012 seete
1119 2958 1217 3015 abbati
1234 2965 1265 3014 ot
1280 2963 1437 3017 conventui

541 3045 641 3100 natm.

506 3140 596 3196 Lxx,
617 3139 705 3195 otro
731 3135 873 3193 sonmo
892 3133 1076 3191 eruentem
1101 3136 1137 3190 <10
1153 3105 1273 3192 redditu
1300 3137 1332 3193 in
1356 3143 1434 3194 ene.

540 3226 638 3278 mento
655 3221 774 3276 Aeeoiot
791 3219 823 3274 in
841 3219 1017 3274 anevalle
1043 3218 1122 3272 faeta
1139 3217 1237 3273 abbati
1255 3225 1287 3275 et
1312 3237 1434 3278 eonven.

539 3305 584 3359 tui
602 3305 703 3358 Metm.

505 3399 614 3454 LXXI.
634 3399 722 3453 Certo
739 3397 887 3452 Edmundi
912 3397 948 3450 (Ie
968 3393 1076 3450 Combe
1101 3396 1179 3450 fecte
1199 3395 1331 3454 «Iohanni
1358 3397 1432 3455 Grn-

538 3482 657 3538 tenhnm
676 3487 706 3535 et
723 3480 851 3536 Johenni
872 3480 968 3549 Pneye
987 3479 1023 3534 de
1047 3479 1167 3534 redditu
1183 3480 1222 3535 vi.
1242 3481 1269 3537 d.
1289 3482 1325 3537 de
1352 3489 1432 3539 tene·

538 3571 637 3620 mento
654 3564 795 3620 Willelmi
814 3570 874 3619 etto
892 3564 941 3635 Ny
958 3564 990 3617 in
1009 3564 1181 3619 Burnevele.

500 3659 627 3718 LXXII.
903 3656 907 3726 Ι
957 3658 1026 3728 Gap.
1047 3657 1239 3715 CLXXXIV.
1255 3661 1291 3716 R.
1305 3660 1339 3717 Ο.

502 3757 645 3812 LXXIII.
675 3756 762 3811 Certe
786 3753 928 3811 Willelmi
954 3753 1051 3808 Foliot
1081 3758 1112 3809 et
1141 3755 1242 3810 uxoris
1267 3773 1328 3810 sue
1353 3756 1432 3812 fecte
1520 3797 1523 3803 -

535 3841 683 3897 Witlelmo
702 3839 854 3894 Possemer
872 3838 908 3893 do
926 3853 985 3892 uno
1002 3837 1170 3907 messuagio
1188 3838 1219 3892 in
1238 3839 1411 3897 Bumevele.

501 3936 661 3992 LXXIIII.
681 3935 770 3990 Certo
798 3933 932 4005 TopezIm
959 3931 1056 3987 Foliot
1081 3933 1159 3987 foeta
1185 3933 1334 3992 Willelmo
1360 3937 1428 3994 Pae.

535 4037 629 4074 semer
647 4019 683 4073 de
700 4035 759 4072 uno
776 4016 943 4087 messuagio
960 4016 992 4070 in
1008 4016 1183 4071 Burnevele.

498 4115 618 4170 LXXV.
639 4113 726 4169 Certe
756 4112 892 4168 Gentiidi
922 4112 958 4168 de
987 4111 1155 4182 Nywenton
1184 4113 1263 4169 seete
1291 4113 1366 4170 Adeo
1390 4116 1426 4172 de

532 4196 709 4253 Menoeterio
728 4214 780 4267 pro
797 4195 916 4252 redditu
934 4194 974 4250 vi.
989 4194 1017 4250 d.

497 4293 635 4349 LXXVI.
667 4293 756 4348 Certa
780 4291 908 4347 aelfridi
937 4290 973 4346 de
999 4289 1158 4346 Ninenton
1188 4291 1268 4347 foeta
1300 4294 1363 4350 Deo
1394 4303 1425 4352 et

454 4480 462 4498 '
531 4375 669 4513 eBlltlelrtieB.
689 4375 792 4430 Merito
810 4374 846 4430 de
873 4373 992 4430 redditu
1010 4373 1049 4429 vi.
1069 4373 1097 4428 d.
1123 4375 1159 4429 de
1183 4379 1355 4434 tenemento
1379 4378 1423 4435 Le

494 4553 648 4629 LXXVII.
668 4554 756 4610 carta
773 4554 896 4610 Wolteri
913 4554 1022 4626 I'orfyn
1042 4553 1078 4610 de
1107 4554 1190 4610 selda
1207 4561 1291 4612 extre
1308 4563 1424 4628 portem

526 4636 736 4692 occidentalem
759 4637 846 4710 juxta
872 4638 1041 4704 Hokmhnl,
1061 4638 1141 4694 fecte
1160 4637 1263 4695 abbati
1291 4645 1322 4696 et
1355 4658 1423 4699 oon·

527 4720 628 4777 ventui
648 4720 747 4778 Meltn.
1184 4721 1189 4728 '
