3526 5810
580 919 779 968 anorsrauu
802 916 1123 967 ulausssusrsuss.
1314 899 1377 962 283

325 1110 379 1169 tus
403 1126 462 1191 pro
484 1125 519 1170 se
542 1111 577 1169 et
599 1106 838 1172 successoribus
861 1105 938 1181 suis,
954 1109 988 1168 et
1010 1102 1188 1189 praedictus
1213 1101 1377 1166 Robertus

324 1229 382 1292 pro
405 1229 439 1272 se
463 1215 498 1274 et
520 1207 697 1274 heredibus
728 1210 807 1285 suis,
830 1211 1059 1274 concesserunt
1090 1204 1179 1291 quod
1201 1201 1469 1290 quaedam¹taos
1483 1219 1507 1270 b.

325 1332 401 1397 pars
423 1311 514 1377 illius
536 1333 636 1377 morae
660 1313 798 1400 singulis
828 1312 925 1376 annis
947 1332 968 1375 a
990 1309 1077 1375 festo
1100 1307 1377 1374 Annunciationis

325 1411 438 1478 Beatae
461 1413 608 1500 Virginis
631 1415 801 1500 usquead
832 1413 922 1478 beati
946 1413 1036 1477 Petri
1068 1411 1155 1497 quod
1189 1411 1312 1476 dicitur
1334 1409 1377 1474 ad

326 1515 475 1593 Vincula,
510 1523 579 1581 tem
608 1519 648 1584 de
680 1523 774 1605 parte
809 1518 1040 1604 praedictorum
1074 1515 1204 1582 abbatis
1236 1519 1271 1580 et
1302 1536 1377 1580 con-

325 1625 455 1696 ventus,
479 1621 643 1704 quamde
678 1626 772 1706 parte
806 1620 957 1707 praedicti
991 1620 1128 1684 Roberti
1151 1624 1186 1682 et
1218 1618 1377 1684 heredum

325 1743 469 1798 suorum,
486 1723 776 1809 proportionaliter
791 1723 974 1809 pervisum
989 1722 1158 1787 hominum
1175 1722 1215 1786 de
1233 1720 1378 1786 Ewelme

325 1829 360 1888 et
382 1824 423 1889 de
446 1824 533 1901 Pole,
565 1830 708 1911 ponatur
740 1827 776 1890 in
799 1825 934 1892 defenso
957 1825 1000 1890 ad
1034 1825 1147 1890 averia
1181 1846 1242 1889 sua
1263 1824 1378 1909 depas-

326 1927 448 1992 cenda:
471 1927 636 2008 videlicet,
659 1929 702 1994 ad
735 1950 844 2015 equos,
875 1929 984 2004 boves,
1007 1949 1132 2004 vaccas,
1155 1925 1324 1992 boviculos
1346 1929 1381 1990 et

327 2029 461 2106 vitulos,
484 2031 665 2095 secundum
689 2031 777 2117 quod
808 2031 872 2095 sibi
895 2031 1014 2095 melius
1045 2031 1193 2094 viderint
1216 2029 1378 2116 expedire.

328 2131 373 2195 Et
396 2135 505 2196 totum
528 2131 698 2197 residuum
728 2132 820 2196 illius
842 2153 941 2197 morse
964 2153 1031 2197 non
1065 2133 1102 2196 in
1125 2132 1259 2197 defenso
1291 2131 1380 2217 posi·

327 2240 409 2311 tum,
431 2241 600 2299 remaneat
622 2235 665 2300 ad
688 2241 798 2300 cetera
819 2235 933 2300 averia
947 2235 1054 2301 ociosa
1076 2235 1288 2320 depascenda.
1336 2232 1381 2296 Et

327 2337 355 2400 si
378 2335 491 2400 averia
512 2335 684 2401 hominum
708 2337 749 2401 de
772 2337 850 2402 Polc
872 2337 909 2401 in
932 2343 1060 2423 partem
1083 2337 1143 2401 soli
1167 2336 1256 2402 illius
1280 2357 1379 2401 morae

328 2459 401 2524 quae
424 2439 460 2503 in
483 2437 616 2504 defenso
650 2441 758 2526 posita
780 2440 882 2504 fuerit
904 2446 938 2504 et
968 2451 1118 2526 spectans
1140 2440 1182 2505 ad
1206 2439 1379 2525 praedictos

327 2542 481 2609 abbatem
515 2549 550 2610 et
580 2550 780 2610 conventum
815 2549 850 2608 et
883 2543 1031 2610 homines
1057 2565 1132 2608 suos
1159 2544 1200 2608 de
1224 2542 1378 2622 Ewelme,

327 2643 539 2722 intraverint,
577 2645 736 2711 concessit
773 2641 950 2730 praedictus
984 2645 1148 2710 Robertus
1180 2666 1239 2730 pro
1278 2667 1313 2708 se
1344 2653 1379 2709 et

328 2744 504 2812 heredibus
527 2748 595 2812 suis
617 2749 707 2832 quod
729 2748 842 2812 averia
864 2747 993 2833 possint
1015 2748 1207 2834 imparkari,
1229 2752 1264 2812 et
1291 2747 1379 2833 quod

328 2850 479 2933 praedicti
502 2850 653 2916 homines
676 2851 729 2914 sui
751 2851 792 2916 de
816 2851 893 2915 Pole
920 2851 1086 2936 praedictis
1108 2852 1224 2916 abbati
1246 2855 1281 2915 et
1303 2873 1379 2915 oon·

330 2952 446 3014 ventui
481 2958 516 3016 et
552 2973 665 3017 eorum
704 2952 944 3018 successoribus
982 2953 1194 3018 rationabiles
1226 2953 1380 3018 emendas
1451 2987 1453 2992 ·

329 3053 509 3118 secundum
548 3054 839 3140 transgressionem
876 3055 999 3120 factam
1042 3056 1078 3120 in
1114 3055 1184 3122 loco
1223 3054 1380 3141 praedicto

328 3153 459 3220 faciant.
508 3154 617 3220 Simili
640 3157 738 3220 modo
760 3157 910 3242 praedicti
933 3157 1034 3222 abbas
1058 3162 1092 3222 et
1114 3162 1298 3222 conventus
1320 3178 1380 3243 pro

329 3277 362 3320 se
385 3263 420 3321 et
450 3257 689 3322 successoribus
720 3258 788 3322 suis
822 3264 1060 3341 concesserunt,
1084 3259 1172 3345 quod
1207 3260 1236 3322 si
1267 3259 1381 3323 averia

329 3358 559 3443 predictorum
581 3359 754 3424 hominum
786 3361 826 3424 do
850 3359 994 3426 Ewelme
1018 3383 1117 3448 super
1139 3366 1266 3446 partem
1299 3383 1381 3446 prae-

303 3461 455 3546 ·dictum
488 3460 671 3526 Robertum
706 3467 741 3526 et
771 3462 907 3528 heredes
938 3485 1014 3528 suos
1045 3464 1291 3550 contingentem
1329 3465 1380 3528 in-

329 3563 501 3638 traverint,
524 3562 612 3647 quod
643 3564 802 3648 praedicta
831 3565 944 3630 averia
975 3565 1104 3652 possint
1137 3565 1323 3652 imparkare
1346 3569 1381 3630 et

330 3665 484 3731 emendas
505 3665 718 3731 rationabiles
737 3688 851 3753 capere
869 3668 1049 3734 secundum
1071 3669 1209 3736 formam
1230 3669 1380 3756 superius

330 3789 522 3834 concessam.
568 3766 766 3834 Concessum
801 3775 852 3834 est
884 3770 1028 3836 etiama
1061 3771 1229 3858 praedictis
1260 3771 1381 3836 abbate

329 3877 364 3935 et
387 3874 562 3948 conventu,
585 3876 620 3936 et
642 3892 663 3936 a
692 3871 850 3957 predicto
873 3873 1017 3938 Roberto
1048 3895 1106 3959 pro
1129 3895 1163 3938 so
1186 3877 1221 3938 et
1252 3873 1380 3938 heredi-

330 3973 392 4038 bus
413 3973 491 4051 suis,
514 3973 603 4058 quod
625 3995 738 4040 omnes
760 3974 911 4041 homines
934 3976 975 4041 de
999 3975 1155 4042 Ewellme
1179 3982 1214 4042 et
1239 3978 1280 4042 de
1302 3976 1380 4041 Pole

329 4076 476 4142 habeant
497 4076 635 4144 liberam
657 4077 804 4143 chasiam
828 4099 949 4156 eorum,
973 4100 1048 4145 cum
1078 4079 1200 4146 averiis
1223 4079 1299 4157 suis,
1322 4100 1382 4164 per

331 4179 521 4266 praedictam
559 4201 685 4246 morem
723 4203 827 4269 usquo
860 4183 905 4248 ad
935 4182 1042 4249 locum
1077 4183 1136 4248 ubi
1173 4205 1248 4269 pars
1283 4204 1384 4248 morse

331 4282 497 4368 praedictas
527 4281 563 4346 in
596 4283 729 4350 defenso
761 4285 870 4370 posita
902 4285 1012 4363 fuerit,
1047 4286 1090 4350 ad
1124 4285 1237 4352 averia
1267 4306 1379 4352 eorum

331 4384 543 4470 depascenda,
567 4384 638 4450 sine
660 4386 771 4472 aliquo
794 4387 1030 4472 impedimento
1061 4389 1292 4474 praedictorum
1323 4389 1382 4454 ab

331 4487 419 4552 batis
442 4491 477 4552 et
499 4492 681 4553 conventus
704 4488 758 4552 vel
789 4510 1010 4557 successorum
1033 4513 1176 4572 suorum,
1199 4490 1253 4556 vel
1276 4489 1381 4555 homi·

330 4611 412 4655 num
443 4611 578 4654 suorum
612 4589 653 4656 de
691 4589 846 4670 Ewelme,
884 4592 939 4658 vel
976 4593 1125 4679 praedicti
1158 4592 1304 4669 Roberti,
1327 4589 1382 4656 vel

330 4751 542 4760 -—-.-—-·-—-—-
551 4751 787 4759 ---.,-..-..-.
801 4754 879 4759 ---..
894 4755 1017 4760 ---....--
1030 4753 1159 4762 ...q—...⁴-
1175 4755 1194 4760 ..-

680 4823 687 4858 ¹
699 4825 827 4892 quadam]
843 4828 961 4892 quodam,
972 4827 1028 4881 MS.
