3566 5820
422 884 486 948 128
673 899 873 951 unemundus
896 898 1220 952 uanunsemamrmn

248 1089 313 1141 wite
325 1091 392 1143 fora
414 1093 453 1152 et
468 1088 615 1175 ejusdem
637 1089 700 1155 loci
724 1095 916 1166 conventus,
932 1087 1073 1156 salutem
1089 1095 1248 1156 aeternam
1264 1089 1300 1154 in
1316 1087 1471 1154 Domino.

247 1163 313 1207 term
325 1159 353 1209 of

246 1239 327 1287 yeara

247 1509 266 1560 f.
278 1515 335 1562 211.

418 1190 561 1257 Noverit
601 1192 801 1263 universitas
835 1197 948 1260 vestra
984 1213 1044 1260 nos
1081 1193 1276 1260 concessisse
1313 1191 1471 1278 magistro

417 1292 578 1359 Nicholao
612 1293 653 1359 de
685 1292 921 1361 Malmesburia
953 1315 1013 1381 pro
1044 1296 1139 1360 nohis
1166 1299 1201 1360 et
1233 1293 1471 1360 successorihus

414 1395 543 1472 nostris,
567 1396 657 1482 quod
677 1401 792 1464 teneat
813 1402 935 1464 terram
958 1397 998 1464 de
1031 1397 1268 1483 Fowleswyke,
1291 1417 1367 1464 eum
1401 1417 1469 1462 om-

414 1497 513 1562 nibus
535 1497 744 1584 pertinentiis
767 1498 843 1576 suis,
868 1519 967 1586 quam
989 1497 1149 1564 habemus
1173 1499 1214 1564 de
1247 1498 1334 1564 dono
1365 1496 1469 1583 ipsius

415 1599 574 1686 magistri,
597 1600 638 1664 de
670 1599 765 1666 nobis
799 1604 833 1664 et
856 1599 1094 1666 successoribus
1125 1599 1257 1676 nostrie,
1290 1619 1395 1684 usque
1426 1598 1470 1664 ed

414 1701 593 1766 terminum
615 1701 738 1788 viginti
760 1720 940 1767 annorum:
970 1701 1128 1768 solvendo
1157 1701 1253 1768 nobie
1288 1706 1323 1767 et
1345 1721 1470 1768 succes·

414 1802 543 1868 scribue
565 1801 686 1868 nostris
709 1823 768 1888 per
792 1802 987 1889 praedictum
1018 1808 1158 1890 tempus,
1181 1803 1209 1868 si
1232 1808 1355 1872 terram
1377 1802 1468 1870 illam

414 1905 566 1983 tenuerit,
599 1903 737 1992 singulis
771 1905 867 1970 annis
905 1903 1050 1991 quinque
1088 1924 1222 1984 marcas,
1260 1905 1304 1971 ad
1327 1909 1469 1990 quatuor

413 2006 493 2072 anni
515 2007 673 2072 terminos
685 2031 693 2086 ;
723 2005 887 2082 videlieet,
909 2005 952 2072 ad
982 2003 1117 2083 Pascha,
1149 2005 1314 2074 sexdecim
1347 2006 1468 2074 solidos

412 2111 448 2174 et
470 2111 543 2174 octo
566 2106 736 2188 denarios3
765 2107 803 2172 in
834 2105 918 2172 festo
951 2106 1152 2174 Natiuitatis
1184 2107 1280 2174 Beati
1304 2105 1468 2174 Johannis

413 2209 575 2297 Baptistae
609 2209 774 2276 sexdecim
807 2207 928 2276 eolides
951 2214 986 2274 et
1007 2213 1081 2277 octo
1114 2210 1287 2290 denarioe;
1316 2210 1353 2274 in
1384 2210 1469 2276 festo

413 2312 527 2378 Sancti
551 2311 722 2380 Michaelis
745 2311 911 2380 sexdecim
934 2311 1055 2378 solidos
1078 2318 1114 2380 et
1136 2318 1210 2380 octo
1233 2311 1404 2394 denarios3
1434 2316 1468 2378 ct

412 2415 449 2480 in
471 2415 558 2482 festo
589 2414 789 2484 Nativitatis
819 2413 956 2481 Domini
979 2414 1144 2482 sexdecim
1174 2414 1296 2481 solidos
1328 2420 1363 2480 et
1394 2419 1468 2482 octo

410 2516 585 2600 denarios;
617 2518 661 2584 ed
687 2517 943 2584 sustentandum
976 2539 1080 2582 unum
1114 2516 1320 2604 capellanum
1352 2515 1469 2584 divina

412 2621 633 2686 celebrantem
667 2642 728 2706 pro
764 2619 837 2707 ipso
870 2617 908 2684 in
938 2620 1088 2686 carnario
1121 2619 1186 2686 sito
1220 2619 1256 2684 in
1294 2619 1467 2706 cymiterio

413 2721 674 2802 Malmesburiae3
705 2721 869 2800 videlieet,
901 2721 1268 2799 dieDominica,fe1ia
1289 2721 1398 2798 tertia,
1433 2727 1469 2786 et

412 2826 560 2904 sabbato,
594 2826 635 2892 de
667 2824 773 2892 Beata
795 2823 951 2912 Virgine3
989 2825 1117 2890 caeteris
1151 2845 1230 2890 vero
1254 2823 1371 2890 diebus
1407 2844 1468 2912 pro

411 2929 585 2996 animabus
608 2929 756 2994 omnium
772 2927 921 2994 fidelium
940 2927 1179 2994 defunctorum.
1225 2925 1270 2992 Et
1291 2930 1466 3013 postquam

412 3031 607 3098 humanitus
629 3030 670 3095 de
693 3031 765 3116 ipso
787 3029 973 3115 contigerit,
996 3050 1055 3094 nos
1086 3033 1304 3094 memoratum
1326 3027 1466 3116 capella·

412 3155 494 3199 num
517 3134 552 3198 in
586 3133 657 3200 loco
684 3133 924 3219 praenominato
959 3129 1076 3198 divina
1107 3131 1336 3210 celebrantem,
1368 3135 1468 3218 prout

412 3256 513 3323 supra
535 3235 661 3302 dictmn
683 3239 742 3312 est,
766 3234 1010 3321 imperpetuum
1032 3233 1302 3301 sustentabimur.

459 3339 504 3403 lit
540 3337 755 3404 nihilominus
790 3337 833 3402 ed
871 3334 1137 3402 anniversarium
1174 3335 1279 3422 ipsius
1316 3335 1467 3425 magistri

412 3441 657 3527 imperpetuum
694 3437 891 3516 faciendum,
931 3437 985 3503 die
1023 3436 1243 3504 anniversarii
1279 3438 1331 3503 sui
1365 3459 1466 3504 unam

414 3563 556 3610 marcam
578 3541 622 3607 ad
643 3540 825 3628 pitanciam
848 3561 942 3606 suam
957 3539 999 3606 de
1021 3538 1182 3624 praedicta
1197 3543 1288 3608 terra
1307 3539 1467 3627 percipiet

412 3650 595 3712 conventus
629 3647 837 3710 memoratus.
907 3641 952 3706 Et
989 3640 1018 3706 si
1056 3641 1230 3730 contingat
1270 3641 1465 3728 praedictam

413 3755 534 3816 terram
557 3769 616 3835 per
634 3746 798 3832 judicium
821 3765 842 3810 a
862 3743 959 3809 nobis
974 3742 1092 3822 evinci,
1108 3743 1221 3830 aliquo
1237 3748 1466 3830 conquerente,

413 3852 508 3918 nobie
531 3850 674 3916 fideliter
696 3855 730 3914 et
753 3848 930 3934 diligenter
952 3845 1217 3924 defendentibus,
1240 3847 1284 3912 ed
1307 3845 1467 3933 praedicta

413 3977 513 4022 onera
534 3954 725 4021 nullatenus
755 3951 946 4038 obligemur.
1005 3949 1233 4016 Promittimus
1255 3949 1357 4016 etiam
1380 3949 1467 4016 bona

413 4058 478 4123 fide
493 4058 581 4142 quod
604 4061 779 4142 postquam
800 4051 1042 4140 cyrographum
1064 4051 1101 4116 in
1117 4053 1209 4118 curia
1224 4051 1349 4118 domini
1371 4051 1466 4139 regie,
1555 4129 1561 4138 ,

335 4155 340 4165 ’
412 4161 501 4225 inter·
537 4179 606 4236 nos,
639 4158 679 4221 de
711 4155 871 4242 praedicte
904 4157 993 4219 terra
1026 4151 1130 4220 fuerit
1163 4152 1323 4230 levatum,
1357 4153 1464 4220 eidem

414 4262 571 4349 magistro
602 4259 794 4346 praedictam
817 4266 939 4322 terram
970 4275 1046 4321 cum
1074 4255 1225 4319 omnibus
1255 4255 1465 4340 pertinentiis

348 4345 352 4352 ⁵
413 4365 481 4428 suis
507 4362 720 4438 retrademus,
744 4365 778 4424 et
800 4358 965 4444 scripture
987 4357 1054 4422 ista
1076 4356 1112 4420 in
1134 4355 1242 4422 forma
1264 4357 1465 4442 competenti

413 4487 472 4552 pro
509 4466 683 4530 voluntate
720 4459 955 4548 praenominati
987 4458 1139 4544 magistri
1176 4458 1220 4524 ad
1258 4458 1465 4526 commodum

413 4564 714 4652 utriusquepartis
737 4563 947 4648 concipietur.

458 4669 584 4736 Datum
602 4665 854 4744 Mnlmesburiae,
871 4664 925 4729 die
941 4661 1044 4728 Lunae
1066 4661 1218 4748 proxima
1241 4668 1321 4729 ante
1343 4663 1465 4729 festum

414 4771 510 4838 Beati
541 4770 640 4850 Petri,
663 4767 751 4855 quod
782 4766 905 4834 dicitur
934 4765 972 4830 in
1000 4762 1178 4844 Oathedre,
1209 4784 1297 4831 anno
1328 4763 1465 4830 Domini

413 4891 490 4942 nco.
513 4872 716 4960 sexagesimo
739 4869 900 4959 septim03
933 4873 967 4934 et
990 4867 1026 4932 in
1048 4867 1143 4954 cujus
1167 4867 1216 4933 rei
1238 4866 1464 4936 testimonium
