3578 5808
429 862 472 925 16
682 869 881 920 saommou
904 863 1232 916 mumennrassn

427 1063 516 1128 verit
549 1061 748 1126 universitas
781 1063 900 1134 vestra,
939 1055 1028 1140 quod
1066 1055 1110 1118 ad
1142 1053 1339 1140 petitionem
1377 1053 1490 1117 dilecti

428 1166 533 1232 nostri
556 1165 593 1229 in
616 1163 752 1230 Christo
767 1158 908 1226 Roberti
930 1156 1064 1223 abbatis
1088 1155 1336 1222 Malmesburiae
1357 1161 1393 1221 et
1424 1155 1490 1220 fra-

428 1275 518 1334 trum
541 1266 665 1332 ibidem
695 1263 766 1329 Deo
798 1259 1025 1336 servientium,
1067 1258 1259 1344 pensionem
1298 1258 1411 1324 decem
1434 1256 1490 1322 sol.

429 1370 572 1437 ecclesiae
595 1367 636 1434 dc
659 1365 830 1454 Shiptone,
862 1383 962 1450 quam
989 1361 1055 1448 piae
1079 1359 1317 1428 recordationis
1340 1359 1490 1446 Rogatus

430 1470 679 1558 Wygomiensis
715 1467 897 1554 episcopua,
934 1465 1154 1552 praedeoessor
1185 1469 1307 1540 noster,
1344 1463 1392 1526 eis
1414 1483 1493 1527 auc·

429 1575 566 1641 toritato
587 1593 649 1638 sua
677 1571 939 1645 confirmaverat,
976 1571 1092 1634 nostra
1128 1566 1255 1632 eisdem
1292 1565 1492 1632 anctoritate

430 1679 668 1746 confirmamus
714 1675 760 1740 Et
773 1693 816 1740 ne
830 1692 853 1739 a
873 1671 1015 1758 posteris
1036 1670 1151 1756 aliqua
1165 1671 1336 1737 comsionc
1357 1675 1493 1755 sumpta

431 1780 536 1868 possit
557 1775 727 1853 infirmari,
743 1774 845 1862 sigilli
867 1773 976 1838 nostri
998 1771 1183 1838 munimine
1198 1771 1493 1848 corroboravimus,

433 1889 468 1950 et
489 1881 661 1968 presentis
684 1878 800 1964 scripti
822 1875 1008 1963 patrocinio
1030 1875 1281 1942 communimus
1328 1873 1405 1938 Hiis
1428 1878 1494 1937 tes-

433 1985 532 2052 tibus

855 2154 937 2223 Osa.
961 2153 1058 2220 CLV.

434 2301 539 2372 Bella
571 2295 726 2367 Hoootit'
758 2295 866 2382 Popoe
893 2293 1076 2380 jndicibus
1106 2293 1151 2360 io
1181 2292 1298 2360 eodan
1331 2293 1496 2360 contendis

586 2407 709 2467 roomo
730 2405 888 2464 rectorem
912 2395 1050 2462 ecclesias
1074 2395 1115 2462 dc
1145 2394 1339 2462 areum.

269 2549 423 2614 Pspslsuu.
482 2528 644 2595 Omnibus
668 2525 795 2592 Christi
817 2523 972 2588 fidelibus
995 2521 1039 2588 ad
1062 2544 1144 2608 quos
1167 2545 1312 2609 praesens
1336 2524 1497 2610 scriptum

436 2629 632 2722 pervenerit,
648 2627 763 2694 Sancti
778 2626 895 2693 Jacobi
911 2631 945 2690 et
962 2623 1077 2690 Sancti
1088 2625 1270 2712 Augustini
1286 2626 1327 2691 de
1344 2625 1497 2692 Bristolle

435 2737 569 2824 priores,
602 2738 637 2798 et
671 2731 813 2796 decanus
839 2729 880 2792 de
913 2727 1079 2804 Bristolle,
1102 2726 1243 2794 salutem
1276 2729 1313 2793 in
1345 2728 1497 2795 Domino.

438 2835 661 2903 Universitati
683 2837 803 2898 vestrae
825 2835 944 2896 notum
970 2830 1113 2896 facimus
1136 2851 1196 2896 nos
1220 2831 1417 2897 mandatum
1441 2833 1499 2897 do-

437 2940 520 3006 mini
553 2959 648 3026 papae
671 2933 849 3022 suscepisse
873 2933 910 2996 in
942 2931 1015 2999 haec
1047 2933 1167 2998 verba:
1203 2933 1408 3000 “Honorius
1430 2935 1499 3021 epi·

438 3054 456 3082 “
479 3063 605 3131 scopus,
627 3061 743 3106 servus
776 3057 946 3102 servorum
985 3033 1058 3112 Dei,
1098 3035 1228 3101 dilectis
1267 3035 1344 3101 filiis
1383 3035 1500 3103 Sancti

439 3155 457 3182 “
478 3145 595 3213 Jacobi
618 3149 653 3209 et
675 3138 791 3208 Sancti
813 3137 996 3225 Augustini
1019 3137 1060 3202 de
1089 3135 1244 3203 Bristolle
1267 3139 1443 3225 prioribus,
1466 3145 1500 3205 et

441 3259 457 3286 “
481 3246 625 3316 decano¹
660 3245 701 3310 de
734 3241 899 3318 Bristolle,
924 3239 1084 3327 Wygom.
1108 3239 1268 3320 dioecesis,
1300 3241 1501 3308 salutemet

441 3348 693 3438 “apostolicam
708 3343 981 3411 benedictionem.
1013 3341 1190 3424 Querelam
1204 3342 1337 3408 abbatis
1364 3349 1399 3410 et
1425 3365 1501 3410 con-

443 3463 459 3489 “
482 3455 603 3518 ventus
626 3449 667 3514 de
690 3443 927 3514 Malmesburia
948 3444 1131 3530 recepimus
1154 3443 1390 3522 continentem,
1413 3447 1502 3532 quod

444 3563 462 3591 ‘¹
485 3553 523 3620 G.
547 3550 714 3640 presbiter,
737 3553 844 3614 rector
865 3545 1008 3614 ecclesiae
1032 3545 1073 3610 de
1097 3544 1285 3624 Swindone,
1308 3553 1343 3612 et
1366 3549 1501 3634 quidam

395 3682 400 3690 ·
446 3666 464 3692 “
486 3655 544 3722 alii
568 3653 686 3719 Sarum
709 3648 857 3716 dioecesis
884 3670 983 3734 super
1006 3645 1150 3725 decimis,
1177 3647 1372 3728 redditibus,
1397 3656 1431 3716 et
1454 3673 1502 3716 rc-

447 3768 463 3794 “
486 3758 549 3823 bus
569 3753 643 3822 aliis
666 3751 869 3838 injuriantur
891 3749 1024 3828 eisdem,
1054 3749 1193 3835 ideoque
1217 3749 1408 3817 discretmni
1431 3775 1501 3818 ves-

444 3866 461 3895 “
486 3866 545 3925 tras
568 3878 626 3943 per
648 3851 829 3940 apostolica
851 3851 974 3937 scripta
991 3849 1195 3928 mandamus,
1219 3851 1378 3936 quatinus
1402 3854 1503 3940 parti·

444 3971 461 4000 ‘¹
484 3962 546 4026 bus
562 3956 758 4032 convocatis,
774 3953 919 4020 audiatis
934 3972 1076 4030 causam,
1087 3957 1122 4017 et
1140 3951 1363 4038 appellatione
1378 3960 1504 4021 remota

445 4074 461 4101 “
486 4063 551 4128 fine
574 4059 688 4127 debito
721 4055 916 4133 terminetis,
940 4053 1096 4120 facientes
1127 4054 1216 4140 quod
1238 4058 1425 4124 statueritis
1447 4081 1505 4144 per

446 4177 462 4204 “
486 4183 656 4233 censuram
694 4159 946 4228 ecclesiasticam
978 4157 1117 4224 firmiter
1154 4157 1332 4225 observari.
1393 4160 1504 4227 Testes

446 4281 462 4307 “
486 4276 599 4336 autem
614 4266 672 4354 qui
695 4264 832 4331 fuerunt
853 4261 1017 4329 nominati
1040 4261 1069 4326 si
1093 4282 1127 4327 se
1149 4261 1259 4349 gnatia
1273 4263 1330 4327 vel
1352 4265 1437 4343 odio,
1452 4265 1505 4330 vel

446 4381 463 4410 ‘¹
486 4373 604 4439 timore
638 4364 874 4445 subtraxerint,
896 4387 956 4453 per
989 4384 1159 4430 censuram
1190 4365 1338 4446 eandem,
1362 4367 1504 4454 appella-

447 4477 578 4541 “tione
601 4475 757 4548 cessante,
780 4468 905 4558 cogatis
921 4467 1059 4534 veritati
1074 4467 1303 4534 testimonium
1327 4470 1505 4558 perhibere.

446 4589 465 4618 “
489 4577 588 4659 Quod
611 4576 640 4642 si
662 4595 731 4642 non
754 4593 867 4639 omnes
890 4569 956 4636 hiis
982 4569 1185 4657 exequendis
1207 4572 1385 4658 potueritis
1408 4574 1507 4639 inter-

448 4692 466 4718 “
489 4703 567 4760 esse,
590 4680 655 4745 duo
678 4681 826 4744 vestrum
848 4695 888 4741 ea
917 4673 1133 4740 nihilominus
1167 4679 1383 4760 exequantur.
1440 4676 1506 4742 Da

856 4827 864 4860 ¹
881 4827 991 4876 decanus
1003 4827 1030 4877 in
1042 4826 1099 4878 MS.
