3578 5808
418 872 461 937 20
671 885 869 938 anomrann
891 885 1216 941 mumanamren.

416 1077 549 1142 sudines
565 1095 640 1162 quae
662 1075 745 1140 mihi
761 1077 814 1142 vel
837 1078 918 1145 meis
939 1078 1072 1158 fiebant,
1088 1079 1201 1146 remisi
1224 1085 1259 1146 et
1278 1079 1474 1160 condonavi,

415 1183 451 1246 et
477 1199 536 1265 per
559 1177 646 1244 hane
678 1183 802 1248 cartam
828 1182 1014 1263 ·evacuavi;
1046 1183 1096 1248 ita
1124 1187 1165 1250 ut
1194 1181 1321 1249 domini
1352 1183 1417 1250 mei
1440 1189 1475 1250 et

416 1283 543 1360 fratres,
565 1279 692 1346 scilicet
723 1289 906 1349 conventus
937 1284 1189 1364 Malmesburiae,
1219 1285 1367 1353 habeant
1399 1286 1472 1352 illae

416 1387 557 1454 decimas
573 1389 614 1453 de
630 1389 702 1452 toto
723 1387 868 1452 dominio
890 1409 963 1454 meo
990 1388 1031 1454 de
1055 1387 1212 1455 Puritone
1235 1395 1270 1456 et
1292 1390 1333 1455 de
1357 1389 1471 1456 Niwe·

416 1496 503 1571 tone,
524 1492 642 1560 liberes
665 1497 700 1559 et
721 1491 851 1578 quietas
876 1491 919 1556 ab
941 1491 1031 1555 omni
1053 1491 1141 1556 dono
1163 1495 1198 1557 et
1220 1513 1367 1558 munere.
1416 1493 1471 1558 Ita

417 1593 504 1680 quod
526 1596 638 1662 nullus
661 1617 703 1661 ex
726 1593 807 1659 meis
830 1593 971 1679 accipiat
986 1592 1041 1658 vel
1057 1593 1171 1679 exigat
1193 1591 1235 1659 ab
1250 1594 1298 1659 eis
1320 1594 1471 1660 denarios

416 1704 476 1765 aut
498 1699 694 1777 denariatas,
710 1717 771 1764 nec
785 1697 971 1764 carucarius
985 1717 1047 1762 nec
1070 1696 1250 1762 caretariue
1272 1697 1313 1761 de
1336 1697 1471 1763 decimis

415 1800 480 1866 illis
504 1802 639 1889 garbam
662 1800 810 1886 accipiat,
827 1799 880 1864 vel
904 1798 1210 1877 deteriorandae
1240 1803 1469 1864 verumtamen

414 1902 564 1969 homines
582 1904 647 1969 mei
670 1901 844 1968 cariabunt
866 1901 1009 1966 decimae
1031 1897 1105 1966 illas
1127 1921 1203 1966 cum
1225 1900 1323 1967 blado
1339 1921 1420 1980 meo,
1436 1907 1470 1967 et

415 2005 627 2072 decimabunt
648 2004 691 2071 ad
706 2004 827 2070 ostium
850 2003 996 2088 grangiae
1019 2023 1101 2068 meae
1126 2003 1212 2068 sicut
1234 2002 1384 2068 solebant
1410 2024 1469 2090 pro

414 2107 537 2174 honore
575 2107 639 2174 Dei
676 2111 711 2172 et
747 2109 870 2171 sanctae
908 2105 1059 2171 ecclesiae.
1120 2104 1327 2170 Camerarius
1357 2110 1469 2171 autem

415 2209 657 2277 Melmeaburiee
688 2230 747 2296 pro
769 2207 831 2273 hac
854 2227 927 2272 mea
956 2206 1156 2273 liberalitate
1188 2207 1337 2273 inveniet
1366 2229 1469 2273 unum

414 2334 543 2378 cereum
572 2313 740 2379 decentem
756 2310 799 2376 ad
822 2309 943 2376 festum
958 2309 1127 2375 Aldhelmi
1143 2311 1200 2395 qui
1223 2311 1339 2376 ardeat
1361 2329 1469 2377 coram

414 2415 533 2482 feretro
559 2415 632 2502 ejus
654 2414 697 2479 ad
718 2413 876 2479 honorem
892 2411 957 2477 Dei
979 2417 1014 2477 et
1036 2412 1141 2499 ipsius
1166 2413 1290 2478 sanctis
1312 2433 1334 2478 a
1354 2414 1469 2500 primis

413 2515 557 2605 vesperis
579 2538 683 2603 usquc
703 2520 778 2603 poet
798 2514 1045 2602 completorium
1066 2515 1133 2581 diei
1153 2517 1320 2602 sequentis
1343 2517 1379 2580 in
1402 2538 1470 2582 me·

413 2621 551 2687 moriam
574 2619 639 2686 mei
662 2625 696 2686 et
718 2639 865 2686 meorum
881 2619 971 2684 omni
985 2639 1073 2686 anno
1095 2619 1346 2707 imperpetuum.
1392 2619 1469 2686 Hiis

413 2724 561 2803 testibus,
577 2722 718 2790 Ricardo
744 2721 784 2787 de
804 2720 925 2788 Sancto
947 2721 1058 2802 Paule,
1082 2721 1234 2788 Johannc
1258 2722 1299 2787 de
1316 2721 1468 2808 Weetep’‚

414 2825 489 2892 Ada
520 2826 561 2892 de
595 2825 755 2904 Peritone,
788 2823 974 2912 capellania,
1014 2821 1139 2891 Thema
1172 2822 1292 2911 Oosyn,
1315 2823 1468 2890 Johanne

414 2929 636 3016 dispensatore
658 2947 739 3007 meo,
763 2931 798 2995 et
818 2926 969 3014 pluribus
992 2925 1075 2993 aliis.

831 3238 911 3307 Oen.
936 3237 1051 3305 eulx

714 3399 801 3466 Itccu
824 3399 865 3467 dc
886 3395 1047 3466 escambio
1069 3405 1174 3466 merce.

460 3567 575 3636 Sciant
608 3569 788 3656 praesentes
822 3570 857 3630 et
889 3563 997 3630 futuri
1031 3564 1121 3652 quod
1154 3586 1214 3652 ego
1246 3563 1389 3633 Thomas
1427 3569 1467 3634 de

419 3672 565 3738 Piritcne
589 3693 631 3738 ex
653 3669 814 3756 petitione
837 3689 911 3734 mea
933 3667 997 3734 feci
1020 3667 1228 3734 excambium
1257 3669 1392 3736 domino
1415 3669 1464 3738 W.

417 3775 531 3841 abbati
563 3779 597 3840 et
629 3771 808 3839 conventui
842 3769 1089 3835 Malmcsburiee
1121 3770 1163 3834 de
1196 3771 1339 3855 quadam
1372 3777 1465 3859 perte

413 3885 510 3944 aenae
525 3879 561 3942 in
584 3875 745 3952 Peritone,
762 3895 836 3958 quse
855 3873 946 3958 jacet
967 3877 1046 3937 ante
1068 3877 1197 3959 portam
1220 3892 1350 3953 meam;
1374 3875 1466 3941 vide·

417 3980 502 4058 licet,
525 3985 647 4044 terram
671 3997 770 4063 quam
794 3975 954 4040 Ricardus
982 3973 1105 4039 Moline
1128 3974 1246 4051 tenuit,
1269 3979 1304 4040 et
1326 3997 1386 4062 pro
1408 3977 1467 4044 illa

415 4089 504 4148 terra
526 4081 602 4146 dedi
625 4080 671 4145 eis
704 4079 741 4143 in
763 4077 971 4144 excambium
1004 4076 1169 4162 quandam
1201 4082 1325 4143 terram
1358 4100 1464 4144 meam

413 4185 502 4250 ultra
523 4183 625 4261 Lake,
648 4201 722 4267 quae
741 4181 831 4267 jacet
849 4179 950 4264 juxta
971 4199 1100 4264 aquam,
1116 4182 1151 4243 et
1172 4199 1274 4244 unam
1296 4179 1463 4246 hammam

414 4285 512 4373 preti,
527 4305 602 4370 quae
621 4283 712 4370 jacet
730 4281 831 4368 juxta
845 4284 979 4366 pratum
995 4278 1130 4366 Nigelli,
1146 4284 1181 4345 et
1192 4279 1295 4366 juxta
1310 4279 1463 4368 Partcny,

353 4441 358 4448 .
412 4393 447 4454 et
480 4408 581 4452 unam
613 4384 750 4451 alteram
776 4382 944 4450 hammam
977 4381 1065 4448 infra
1101 4381 1231 4448 beclum
1272 4383 1461 4460 molendini,

412 4512 471 4580 pro
494 4511 560 4576 qua
584 4489 770 4575 quicunque
800 4485 1026 4551 molendinum
1048 4486 1204 4563 tenuerit,
1219 4485 1301 4551 duos
1324 4507 1463 4574 capones

412 4594 544 4660 nomine
567 4591 649 4658 dieti
671 4589 802 4656 abbatie
824 4593 859 4655 et
881 4591 1063 4653 conventus
1086 4585 1168 4652 mihi
1191 4587 1366 4654 annuatim
1388 4590 1461 4655 red-

410 4699 486 4764 dere
508 4693 607 4762 debet
629 4695 665 4758 in
688 4693 742 4758 die
765 4691 980 4758 Pentecosten.
1027 4690 1072 4757 Et
1093 4695 1133 4756 ut
1162 4690 1225 4759 hoc
1255 4693 1462 4760 excambium

409 4801 541 4866 firmum
573 4797 617 4864 sit
640 4803 674 4863 et
695 4794 814 4862 stabile
838 4794 959 4881 scripto
981 4815 1053 4861 meo
1075 4795 1231 4880 praesenti
1254 4815 1330 4862 eum
1360 4793 1461 4883 sigilli
