3524 5808
524 905 722 958 anersrnuu
746 904 1067 955 uanurseunmusn
1256 892 1319 954 335

274 1096 516 1174 Malmesburia,
548 1103 583 1161 et
620 1097 791 1162 monachis
815 1096 938 1162 ibidem
974 1096 1045 1162 Deo
1089 1095 1319 1172 servientibus,

269 1199 305 1263 in
328 1221 444 1284 puram
468 1204 503 1264 et
536 1205 730 1285 perpetuam
765 1198 984 1276 elemosinam,
1018 1199 1186 1263 redditum
1221 1199 1320 1262 unius
1363 1277 1366 1281 .

269 1301 365 1376 oboli,
389 1323 485 1386 quem
510 1323 530 1365 a
553 1301 698 1368 Roberto
721 1302 761 1366 de
785 1301 958 1386 Heywode
981 1302 1154 1366 annuatim
1180 1302 1322 1386 recipere

269 1404 433 1480 consuevi,
467 1426 527 1490 pro
559 1405 688 1468 duabus
725 1404 809 1468 aeris
841 1408 938 1468 terrae
976 1425 1057 1487 ques
1096 1401 1242 1467 Johanni
1281 1403 1321 1468 de

270 1507 442 1592 Heywode
475 1508 611 1573 vendidi
643 1508 733 1592 apud
768 1507 997 1591 Fouleswyke.
1045 1507 1131 1571 Dedi
1164 1507 1266 1572 etiam
1289 1511 1324 1570 et

270 1610 412 1675 concessi
444 1609 567 1674 eisdem
600 1607 715 1674 abbati
748 1615 782 1674 et
813 1610 999 1686 conventui,
1028 1609 1194 1674 redditum
1225 1609 1323 1672 unius

270 1712 355 1776 oboli
390 1733 487 1796 quem
522 1733 542 1776 a
577 1711 724 1775 Waltero
758 1709 828 1775 filio
863 1711 1020 1776 Willelmi
1059 1711 1099 1775 de
1138 1711 1324 1776 Budestnne

270 1815 443 1880 annuatim
476 1814 620 1898 recipere
654 1813 811 1878 consuevi
851 1834 909 1898 pro
943 1813 1071 1877 duabus
1105 1814 1189 1876 acris
1229 1819 1325 1878 terrae

271 1937 352 2001 quas
376 1917 480 1981 eidem
516 1914 665 1980 Waltero
688 1915 823 1979 vendidi
859 1916 948 2000 apud
981 1914 1208 1998 Fonleswyke.
1256 1915 1326 1978 Ha-

271 2018 415 2083 bendum
454 2025 489 2082 et
526 2017 707 2082 tenendum
746 2018 941 2102 praedictum
980 2018 1148 2082 redditum
1185 2018 1326 2081 duorum

271 2121 450 2196 obolorum,
473 2141 548 2185 curn
581 2119 734 2183 omnibus
758 2119 918 2184 eschaetis
950 2142 1022 2204 quae
1047 2118 1128 2183 mihi
1152 2126 1212 2184 aut
1234 2119 1326 2184 here-

272 2223 370 2288 dibus
409 2223 500 2300 meis‚
536 2223 664 2287 ratione
695 2223 847 2308 praedicti
881 2223 1041 2301 redditus,
1079 2222 1192 2306 aliquo
1229 2223 1326 2286 modo

273 2330 408 2411 possent
456 2326 611 2400 accidere,
648 2325 817 2410 praedietis
852 2325 967 2389 abbati
1005 2329 1039 2389 et
1077 2325 1255 2389 conventui
1293 2329 1327 2388 et

271 2449 384 2493 eorum
423 2427 661 2493 successoribus
699 2427 810 2504 libere,
841 2428 961 2512 quiete,
994 2427 1076 2491 bene
1111 2431 1145 2491 et
1182 2427 1219 2489 in
1248 2447 1327 2511 pace

272 2530 525 2615 imperpetuum.
572 2528 697 2592 Ramisi
733 2529 833 2592 etiam
858 2529 1025 2612 praedictis
1057 2527 1172 2592 abbati
1195 2533 1229 2592 et
1252 2549 1328 2592 con-

274 2631 390 2696 ventui
423 2636 458 2695 et
495 2652 607 2695 eorum
640 2629 880 2695 suecessoribus
911 2629 1077 2694 redditum
1110 2630 1208 2692 unius
1241 2628 1328 2692 oboli

273 2735 309 2797 in
332 2754 397 2818 quo
435 2733 518 2796 mihi
542 2733 742 2797 tenebantur
776 2732 915 2816 singulis
946 2732 1041 2795 annis
1065 2752 1123 2816 pro
1161 2736 1250 2796 terra
1287 2732 1328 2796 de

274 2833 501 2920 Fouleswyke.
549 2835 603 2898 Ita
635 2835 722 2918 quod
754 2855 815 2898 nec
837 2856 897 2919 ego
929 2853 989 2897 neo
1020 2833 1140 2917 aliquis
1170 2832 1328 2898 heredum

275 2937 328 3002 vel
347 2939 589 3022 assignatorum
612 2958 759 3000 meorum
783 2937 926 3020 aliquem
944 2936 1109 3000 redditum
1126 2934 1179 3000 vel
1202 2935 1330 3020 aliquid

274 3039 366 3104 aliud
390 3041 518 3104 ratione
551 3039 703 3124 praedicti
736 3038 887 3104 redditus
910 3060 930 3102 a
953 3039 1121 3122 praedictis
1152 3038 1272 3103 abbate
1296 3045 1331 3104 et

275 3147 450 3218 conventu,
467 3141 521 3206 vel
537 3163 650 3206 eorum
674 3142 922 3217 suecessoribus
938 3141 1050 3224 aliquo
1066 3147 1213 3226 tempore
1235 3142 1330 3206 nobis

276 3245 407 3328 exigere
431 3244 484 3308 vel
507 3244 681 3309 vendicare
706 3243 876 3328 possimus.
924 3241 988 3305 Pro
1011 3242 1073 3307 hae
1096 3249 1207 3307 autem
1230 3243 1331 3307 dona·

275 3347 365 3411 tione
388 3350 423 3411 et
447 3347 637 3410 remissione
660 3336 743 3421 mea,
765 3345 927 3410 dederunt
950 3344 1033 3408 mibi
1055 3345 1206 3429 praedioti
1229 3345 1331 3411 abbae

276 3454 311 3514 et
333 3456 517 3514 conventus
549 3448 782 3533 praemunibus,
806 3447 980 3511 dimidiam
1013 3468 1157 3512 marcam
1191 3448 1331 3533 argenti.

277 3551 318 3615 In
341 3552 435 3636 cujus
457 3551 505 3615 rei
537 3551 766 3614 testimonium
799 3571 942 3634 praesens
974 3550 1134 3635 scriptum
1165 3550 1332 3635 praedietis

276 3653 389 3717 abbati
412 3659 446 3718 et
477 3653 656 3717 conventui
689 3652 760 3728 feci,
784 3659 819 3716 et
851 3651 935 3716 illud
967 3651 1074 3742 sigillo
1097 3674 1170 3717 meo
1192 3652 1330 3738 signavi·

233 3803 238 3810 -
277 3755 353 3820 Hiis
377 3755 528 3820 testibus.

589 4053 668 4118 ΟΑΡ.
695 4050 964 4118 OOOOXLVIII.

281 4209 384 4272 Ourtu
399 4205 528 4272 abbatis
550 4211 580 4270 et
602 4211 781 4270 ooaveutua
797 4203 893 4290 suctu
908 4202 1067 4270 Jobuaai
1090 4207 1129 4272 de
1145 4207 1332 4290 Bauatoae,

369 4309 408 4374 de
439 4329 512 4372 urio
533 4307 709 4392 uieeuupio
741 4327 819 4371 euru
838 4305 1064 4390 pertiuentiis
1098 4307 1141 4374 ia
1164 4309 1332 4377 Tuidrea-

370 4417 452 4475 tone.

326 4562 488 4626 Omnibus
511 4560 637 4627 ornasti
672 4560 825 4625 fidelibus
848 4582 991 4646 praesens
1014 4564 1174 4647 scriptum
1206 4565 1332 4651 inspeo-
1346 4577 1428 4628 Gran
1440 4578 1479 4628 sor

279 4665 372 4739 turis,
405 4662 590 4728 Willelmua
624 4661 686 4726 Dei
724 4665 832 4748 gratia
869 4663 970 4728 abbas
1012 4665 1259 4742 Malmesburiae,
1298 4674 1332 4733 et
1344 4643 1476 4777 mg}

279 4765 427 4852 ejusdem
449 4765 513 4830 loci
545 4769 737 4840 conventus,
760 4764 901 4828 salutem
931 4772 1089 4832 aeternam
1112 4769 1148 4831 in
1178 4767 1331 4841 Domino.
1345 4775 1489 4842 at‘ryrher-

1344 4852 1397 4896 ton·
