3566 5820
446 881 510 944 210
699 891 899 940 nscrsrnuu
923 889 1250 939 uscunssunmnsn.

448 1087 535 1152 sicut
565 1085 695 1172 plenius
725 1086 915 1151 continetur
945 1085 981 1149 in
1019 1083 1229 1170 cyrographis
1262 1085 1350 1150 inter
1379 1107 1431 1150 me
1464 1088 1499 1150 et
1542 1127 1549 1137 -

447 1189 573 1254 dictum
588 1188 750 1254 Jacobum
766 1188 929 1252 confectis
969 1187 1013 1251 Et
1044 1188 1200 1273 quoniam
1216 1188 1291 1252 volo
1313 1189 1402 1274 quod
1425 1187 1495 1252 haec

449 1313 522 1356 mea
545 1292 680 1356 donatio
703 1291 882 1365 secundum
907 1290 1100 1376 praedictum
1124 1290 1257 1355 modum
1281 1291 1377 1356 firma
1399 1291 1442 1354 sit
1464 1296 1498 1354 et

450 1393 577 1459 stabilis
599 1400 793 1480 perseveret,
809 1393 886 1457 huic
909 1393 1032 1480 scripte
1054 1392 1198 1478 sigillum
1221 1415 1330 1458 meum
1354 1395 1498 1480 apposui.

787 1665 867 1730 Otr.
892 1661 1174 1729 CCCXXXVIII.

453 1818 555 1884 Ocrea
578 1817 675 1883 Petri
706 1815 812 1882 Burei
836 1815 875 1880 de
904 1815 1056 1880 dimidiu
1080 1814 1165 1880 hiric
1188 1821 1285 1882 teruoe
1306 1816 1348 1880 in
1368 1816 1500 1883 Foules·

927 1917 1017 1984 cuitu.

494 2075 609 2141 Sciant
642 2076 820 2161 praesentes
851 2076 885 2137 et
914 2071 1018 2135 futun'
1050 2071 1137 2156 quod
1169 2092 1227 2156 ego
1259 2071 1375 2136 Petrus
1399 2073 1499 2137 Burei

449 2179 523 2244 dedi
547 2183 581 2243 et
604 2175 754 2254 concessi,
777 2181 812 2240 et
834 2175 896 2239 hac
925 2175 1079 2262 prasenti
1102 2179 1193 2238 carta
1215 2196 1288 2239 mea
1311 2175 1502 2240 confinnavi

448 2279 594 2346 Johanni
627 2279 735 2356 Burel,
758 2276 855 2342 fratri
890 2298 970 2352 meu,
1002 2298 1061 2360 pro
1085 2277 1221 2340 servicio
1252 2298 1320 2353 suo,
1351 2277 1499 2342 faciendo
1575 2297 1583 2320 ·

447 2381 636 2468 homagium
660 2402 757 2445 suum
782 2379 915 2442 dominc
938 2377 1033 2454 feodi,
1059 2383 1163 2441 totam
1187 2385 1307 2442 terram
1330 2400 1436 2442 meam
1460 2379 1499 2444 de

448 2484 665 2568 Fouleswyke
689 2504 762 2547 cum
787 2479 996 2566 pertinentiis
1023 2479 1109 2556 suis;
1140 2478 1302 2556 videlicet,
1329 2479 1499 2546 dimidiam

447 2587 572 2672 hydam
599 2606 698 2670 quarn
724 2583 817 2647 tenui
849 2583 889 2646 de
916 2582 1043 2644 Thorna
1070 2579 1168 2656 Crob,
1195 2581 1276 2644 mihi
1308 2595 1342 2646 et
1372 2579 1526 2647 heredi·⁴

447 2690 508 2754 bus
532 2687 585 2753 vel
615 2685 791 2772 assignatis
815 2686 905 2760 meie,
933 2684 973 2747 de
998 2682 1056 2746 illo
1081 2689 1115 2747 et
1141 2683 1315 2748 heredibus
1338 2685 1415 2761 suis,
1443 2707 1500 2770 per

447 2812 547 2855 unam
578 2790 695 2853 libram
721 2787 845 2872 cymini
873 2786 915 2851 ad
940 2785 1060 2850 festum
1087 2783 1201 2850 Sancti
1227 2785 1396 2850 Michaelis
1412 2787 1501 2852 dicto

447 2894 581 2958 Thornae
619 2897 653 2956 et
690 2890 864 2956 heredibus
901 2889 969 2952 suis
1000 2887 1172 2952 annuatim
1211 2886 1408 2965 solvendam,
1440 2911 1499 2975 pro

450 2996 539 3060 omni
571 2994 717 3070 servicio,
747 2992 838 3057 salvo
870 2990 1007 3054 servicio
1030 2989 1155 3052 domini
1185 2990 1278 3074 regis.
1325 2990 1370 3054 Et
1400 3013 1499 3056 unam

451 3097 621 3161 dimidiam
645 3095 769 3180 hydam
792 3115 866 3158 cunr
890 3093 1100 3179 pertinentiis
1123 3092 1190 3156 suis
1214 3093 1249 3156 in
1273 3094 1386 3157 eodem
1409 3099 1499 3159 tene-

450 3205 570 3274 ment0‚
594 3218 692 3282 quum
716 3195 885 3260 ,lohannes
915 3195 956 3258 de
980 3193 1199 3280 Fouleswykc
1229 3193 1329 3260 michi
1352 3200 1386 3259 et
1409 3196 1499 3261 herc-

450 3301 547 3365 dibus
571 3300 659 3374 meiS,
683 3298 736 3362 vel
766 3297 941 3382 assignatis
972 3297 1060 3374 meis
1084 3296 1127 3360 ad
1157 3295 1243 3360 feodi
1275 3296 1402 3361 firmam
1434 3303 1500 3362 tra-

451 3404 538 3467 didit
566 3425 626 3489 pro
661 3400 833 3465 duodecim
872 3399 1023 3474 denariis,
1059 3397 1123 3462 sibi
1156 3403 1190 3461 et
1221 3397 1398 3462 heredibus
1432 3401 1499 3463 suis

450 3505 588 3590 singulis
623 3503 719 3568 annis
753 3502 796 3568 ad
830 3502 952 3566 festum
978 3501 1093 3568 Sancti
1127 3500 1296 3565 Michaelis
1328 3522 1387 3585 pro
1410 3503 1499 3566 omni

449 3607 596 3681 servici0,
620 3607 711 3670 salvo
741 3605 879 3669 servicio
910 3603 1021 3689 regali,
1043 3603 1217 3666 solvendis
1264 3602 1442 3667 Habendas
1465 3609 1499 3669 et

450 3709 608 3774 tenendas
640 3708 814 3792 praedictas
849 3706 1002 3770 dimidias
1032 3705 1140 3791 hydas
1175 3711 1271 3770 terrae
1309 3705 1349 3769 de
1383 3727 1435 3770 me
1465 3713 1500 3771 et

448 3811 625 3877 heredibus
648 3811 728 3874 meis
752 3810 839 3874 dicto
863 3808 1009 3872 Johanni
1033 3814 1067 3872 et
1089 3807 1264 3872 heredibus
1287 3807 1364 3885 suis,
1387 3807 1498 3888 libere,

449 3915 569 4000 quiete,
593 3919 627 3978 et
657 3916 795 3997 integre,
817 3915 852 3975 et
887 3911 1046 3996 pacifice;
1081 3910 1248 3974 reddendo
1284 3911 1361 3974 inde
1393 3932 1499 3975 annu-

447 4017 539 4092 atim,
570 4015 678 4080 dictus
711 4015 879 4078 Johanues
918 4019 952 4078 et
984 4011 1118 4077 heredes
1150 4013 1202 4076 sui
1237 4012 1333 4077 dictis
1365 4012 1498 4078 Thomae

449 4118 539 4184 Crok
563 4122 597 4181 et
619 4116 765 4180 Johanni
788 4116 828 4181 de
851 4115 1079 4200 Fculeewyke,
1102 4113 1154 4178 vel
1178 4113 1354 4178 heredibus
1377 4137 1498 4193 eorum,

449 4220 641 4306 praedictam
672 4218 791 4284 libram
822 4218 954 4304 cymini,
989 4224 1023 4283 et
1053 4217 1226 4302 praedictos
1259 4218 1316 4282 xii.
1340 4218 1499 4294 denarios,

448 4340 507 4405 pro
542 4319 632 4383 omui
664 4320 809 4396 servicio,
841 4317 933 4383 selvo
964 4319 1101 4383 servicio
1133 4318 1258 4382 domini
1292 4320 1386 4404 regis.
1455 4319 1499 4384 Et
1583 4357 1588 4366 ·

449 4422 605 4506 quoniam
627 4422 703 4487 volo
726 4424 814 4508 quod
845 4422 915 4487 haec
946 4443 1019 4487 mea
1050 4421 1184 4486 donatio
1216 4423 1394 4488 secundum
1417 4443 1500 4508 prae·

450 4525 575 4588 dictum
592 4525 725 4590 modum
748 4524 843 4588 firma
866 4531 900 4588 et
915 4525 1043 4588 stabilis
1058 4530 1252 4609 perseveret,
1276 4523 1353 4588 huic
1378 4525 1498 4611 scripte

449 4625 595 4714 sigiilum
617 4647 725 4690 meum
749 4627 895 4716 apposui.
942 4625 1018 4691 Hiis
1040 4624 1189 4708 testibus,
1213 4630 1273 4693 etc
