<?xml version="1.0" encoding="UTF-8"?>
<!DOCTYPE html PUBLIC "-//W3C//DTD XHTML 1.0 Transitional//EN"
    "http://www.w3.org/TR/xhtml1/DTD/xhtml1-transitional.dtd">
<html xmlns="http://www.w3.org/1999/xhtml" xml:lang="en" lang="en">
 <head>
  <title>
</title>
<meta http-equiv="Content-Type" content="text/html;charset=utf-8" />
  <meta name='ocr-system' content='tesseract 3.04.00' />
  <meta name='ocr-capabilities' content='ocr_page ocr_carea ocr_par ocr_line ocrx_word'/>
</head>
<body>
  <div class='ocr_page' id='page_1' title='image "./registrummalmes00martgoog_0279.png"; bbox 0 0 3566 5820; ppageno 0'>
   <div class='ocr_carea' id='block_1_1' title="bbox 572 925 1364 992">
    <p class='ocr_par' dir='ltr' id='par_1_1' title="bbox 572 925 1364 992">
     <span class='ocr_line' id='line_1_1' title="bbox 572 925 1364 992; baseline -0.005 -1"><span class='ocrx_word' id='word_1_1' title='bbox 572 941 770 992; x_wconf 75' lang='lat' dir='ltr'><strong>aremrriuu</strong></span> <span class='ocrx_word' id='word_1_2' title='bbox 794 939 1116 991; x_wconf 70' lang='lat' dir='ltr'><strong>munussuamssu.</strong></span> <span class='ocrx_word' id='word_1_3' title='bbox 1302 925 1364 987; x_wconf 75' lang='lat'><strong>185</strong></span> 
     </span>
    </p>
   </div>
   <div class='ocr_carea' id='block_1_2' title="bbox 222 1132 1471 3995">
    <p class='ocr_par' dir='ltr' id='par_1_2' title="bbox 319 1132 1471 3582">
     <span class='ocr_line' id='line_1_2' title="bbox 321 1132 1368 1220; baseline 0.001 -26"><span class='ocrx_word' id='word_1_4' title='bbox 321 1135 355 1195; x_wconf 85' lang='lat' dir='ltr'><strong>et</strong></span> <span class='ocrx_word' id='word_1_5' title='bbox 377 1132 534 1198; x_wconf 85' lang='lat' dir='ltr'><strong>tenendas</strong></span> <span class='ocrx_word' id='word_1_6' title='bbox 556 1134 730 1220; x_wconf 86' lang='lat' dir='ltr'><strong>praedictas</strong></span> <span class='ocrx_word' id='word_1_7' title='bbox 754 1139 821 1200; x_wconf 86' lang='lat' dir='ltr'><strong>tres</strong></span> <span class='ocrx_word' id='word_1_8' title='bbox 854 1155 944 1200; x_wconf 86' lang='lat' dir='ltr'><strong>acras</strong></span> <span class='ocrx_word' id='word_1_9' title='bbox 979 1139 1074 1200; x_wconf 85' lang='lat' dir='ltr'><strong>terrae</strong></span> <span class='ocrx_word' id='word_1_10' title='bbox 1101 1153 1180 1198; x_wconf 90' lang='lat' dir='ltr'><strong>cum</strong></span> <span class='ocrx_word' id='word_1_11' title='bbox 1216 1133 1368 1198; x_wconf 90' lang='lat' dir='ltr'><strong>omnibus</strong></span> 
     </span>
     <span class='ocr_line' id='line_1_3' title="bbox 321 1233 1364 1323; baseline 0.002 -25"><span class='ocrx_word' id='word_1_12' title='bbox 321 1235 528 1320; x_wconf 74' lang='lat' dir='ltr'><strong>pertinentiis</strong></span> <span class='ocrx_word' id='word_1_13' title='bbox 551 1237 619 1301; x_wconf 86' lang='lat' dir='ltr'><strong>suis</strong></span> <span class='ocrx_word' id='word_1_14' title='bbox 641 1237 808 1323; x_wconf 76' lang='lat' dir='ltr'><strong>praedictis</strong></span> <span class='ocrx_word' id='word_1_15' title='bbox 830 1235 977 1302; x_wconf 83' lang='lat' dir='ltr'><strong>Johanni</strong></span> <span class='ocrx_word' id='word_1_16' title='bbox 1000 1243 1034 1302; x_wconf 81' lang='lat' dir='ltr'><strong>et</strong></span> <span class='ocrx_word' id='word_1_17' title='bbox 1059 1235 1184 1313; x_wconf 85' lang='lat' dir='ltr'><strong>Aliciae,</strong></span> <span class='ocrx_word' id='word_1_18' title='bbox 1209 1241 1242 1300; x_wconf 88' lang='lat' dir='ltr'><strong>et</strong></span> <span class='ocrx_word' id='word_1_19' title='bbox 1272 1233 1364 1300; x_wconf 86' lang='lat' dir='ltr'><strong>here-</strong></span> 
     </span>
     <span class='ocr_line' id='line_1_4' title="bbox 322 1335 1471 1426; baseline 0.002 -26"><span class='ocrx_word' id='word_1_20' title='bbox 322 1336 417 1402; x_wconf 84' lang='lat' dir='ltr'><strong>dibus</strong></span> <span class='ocrx_word' id='word_1_21' title='bbox 455 1339 491 1402; x_wconf 89' lang='lat' dir='ltr'><strong>in</strong></span> <span class='ocrx_word' id='word_1_22' title='bbox 522 1339 682 1425; x_wconf 82' lang='lat' dir='ltr'><strong>praedicta</strong></span> <span class='ocrx_word' id='word_1_23' title='bbox 714 1340 822 1406; x_wconf 80' lang='lat' dir='ltr'><strong>Alicio</strong></span> <span class='ocrx_word' id='word_1_24' title='bbox 837 1383 839 1393; x_wconf 88' lang='lat'><em>·</em></span> <span class='ocrx_word' id='word_1_25' title='bbox 855 1361 913 1426; x_wconf 90' lang='lat' dir='ltr'><strong>per</strong></span> <span class='ocrx_word' id='word_1_26' title='bbox 941 1339 1145 1426; x_wconf 42' lang='lat' dir='ltr'><strong>&#39;praedictum</strong></span> <span class='ocrx_word' id='word_1_27' title='bbox 1182 1335 1369 1403; x_wconf 83' lang='lat' dir='ltr'><strong>Johannem</strong></span> <span class='ocrx_word' id='word_1_28' title='bbox 1382 1341 1401 1392; x_wconf 80' lang='lat' dir='ltr'><strong>f.</strong></span> <span class='ocrx_word' id='word_1_29' title='bbox 1412 1346 1471 1392; x_wconf 73' lang='lat'><strong>²31·</strong></span> 
     </span>
     <span class='ocr_line' id='line_1_5' title="bbox 319 1440 1370 1525; baseline 0.001 -22"><span class='ocrx_word' id='word_1_30' title='bbox 319 1441 505 1525; x_wconf 87' lang='lat' dir='ltr'><strong>procreatis,</strong></span> <span class='ocrx_word' id='word_1_31' title='bbox 537 1443 577 1506; x_wconf 85' lang='lat' dir='ltr'><strong>de</strong></span> <span class='ocrx_word' id='word_1_32' title='bbox 615 1442 709 1507; x_wconf 89' lang='lat' dir='ltr'><strong>nobis</strong></span> <span class='ocrx_word' id='word_1_33' title='bbox 748 1450 781 1508; x_wconf 88' lang='lat' dir='ltr'><strong>et</strong></span> <span class='ocrx_word' id='word_1_34' title='bbox 818 1442 1056 1507; x_wconf 89' lang='lat' dir='ltr'><strong>successoribus</strong></span> <span class='ocrx_word' id='word_1_35' title='bbox 1093 1440 1221 1518; x_wconf 75' lang='lat' dir='ltr'><strong>nostris</strong></span> <span class='ocrx_word' id='word_1_36' title='bbox 1259 1440 1370 1518; x_wconf 88' lang='lat' dir='ltr'><strong>libere,</strong></span> 
     </span>
     <span class='ocr_line' id='line_1_6' title="bbox 320 1543 1371 1631; baseline 0.001 -25"><span class='ocrx_word' id='word_1_37' title='bbox 320 1543 439 1627; x_wconf 84' lang='lat' dir='ltr'><strong>quiete,</strong></span> <span class='ocrx_word' id='word_1_38' title='bbox 463 1543 545 1608; x_wconf 89' lang='lat' dir='ltr'><strong>benc</strong></span> <span class='ocrx_word' id='word_1_39' title='bbox 569 1550 603 1609; x_wconf 81' lang='lat' dir='ltr'><strong>et</strong></span> <span class='ocrx_word' id='word_1_40' title='bbox 625 1545 661 1608; x_wconf 88' lang='lat' dir='ltr'><strong>in</strong></span> <span class='ocrx_word' id='word_1_41' title='bbox 683 1565 770 1631; x_wconf 87' lang='lat' dir='ltr'><strong>pace.</strong></span> <span class='ocrx_word' id='word_1_42' title='bbox 817 1545 873 1610; x_wconf 88' lang='lat' dir='ltr'><strong>Ita</strong></span> <span class='ocrx_word' id='word_1_43' title='bbox 906 1550 1017 1610; x_wconf 86' lang='lat' dir='ltr'><strong>tamen</strong></span> <span class='ocrx_word' id='word_1_44' title='bbox 1052 1544 1140 1629; x_wconf 91' lang='lat' dir='ltr'><strong>quod</strong></span> <span class='ocrx_word' id='word_1_45' title='bbox 1175 1565 1242 1608; x_wconf 93' lang='lat' dir='ltr'><strong>non</strong></span> <span class='ocrx_word' id='word_1_46' title='bbox 1272 1545 1371 1609; x_wconf 88' lang='lat' dir='ltr'><strong>liceat</strong></span> 
     </span>
     <span class='ocr_line' id='line_1_7' title="bbox 320 1644 1372 1732; baseline 0.002 -23"><span class='ocrx_word' id='word_1_47' title='bbox 320 1646 477 1730; x_wconf 77' lang='lat' dir='ltr'><strong>praedicto</strong></span> <span class='ocrx_word' id='word_1_48' title='bbox 499 1645 646 1710; x_wconf 67' lang='lat' dir='ltr'><strong>iohanni</strong></span> <span class='ocrx_word' id='word_1_49' title='bbox 669 1651 728 1712; x_wconf 89' lang='lat' dir='ltr'><strong>aut</strong></span> <span class='ocrx_word' id='word_1_50' title='bbox 743 1647 867 1724; x_wconf 84' lang='lat' dir='ltr'><strong>Aliciae,</strong></span> <span class='ocrx_word' id='word_1_51' title='bbox 883 1669 941 1712; x_wconf 87' lang='lat' dir='ltr'><strong>seu</strong></span> <span class='ocrx_word' id='word_1_52' title='bbox 955 1647 1132 1712; x_wconf 81' lang='lat' dir='ltr'><strong>heredibus</strong></span> <span class='ocrx_word' id='word_1_53' title='bbox 1154 1646 1191 1709; x_wconf 92' lang='lat' dir='ltr'><strong>in</strong></span> <span class='ocrx_word' id='word_1_54' title='bbox 1213 1644 1372 1732; x_wconf 86' lang='lat' dir='ltr'><strong>praedicta</strong></span> 
     </span>
     <span class='ocr_line' id='line_1_8' title="bbox 321 1747 1371 1838; baseline 0.003 -26"><span class='ocrx_word' id='word_1_55' title='bbox 321 1747 429 1814; x_wconf 88' lang='lat' dir='ltr'><strong>Alicia</strong></span> <span class='ocrx_word' id='word_1_56' title='bbox 451 1771 509 1835; x_wconf 94' lang='lat' dir='ltr'><strong>per</strong></span> <span class='ocrx_word' id='word_1_57' title='bbox 538 1751 734 1836; x_wconf 81' lang='lat' dir='ltr'><strong>praedictum</strong></span> <span class='ocrx_word' id='word_1_58' title='bbox 768 1750 954 1816; x_wconf 63' lang='lat' dir='ltr'><strong>«Iohannem</strong></span> <span class='ocrx_word' id='word_1_59' title='bbox 976 1751 1162 1838; x_wconf 73' lang='lat' dir='ltr'><strong>procreatis</strong></span> <span class='ocrx_word' id='word_1_60' title='bbox 1197 1750 1371 1836; x_wconf 76' lang='lat' dir='ltr'><strong>praedictas</strong></span> 
     </span>
     <span class='ocr_line' id='line_1_9' title="bbox 321 1853 1371 1942; baseline 0.003 -26"><span class='ocrx_word' id='word_1_61' title='bbox 321 1857 387 1918; x_wconf 87' lang='lat' dir='ltr'><strong>tres</strong></span> <span class='ocrx_word' id='word_1_62' title='bbox 410 1875 501 1920; x_wconf 84' lang='lat' dir='ltr'><strong>acras</strong></span> <span class='ocrx_word' id='word_1_63' title='bbox 524 1860 621 1921; x_wconf 83' lang='lat' dir='ltr'><strong>terrae</strong></span> <span class='ocrx_word' id='word_1_64' title='bbox 644 1860 704 1920; x_wconf 88' lang='lat' dir='ltr'><strong>aut</strong></span> <span class='ocrx_word' id='word_1_65' title='bbox 725 1855 871 1940; x_wconf 91' lang='lat' dir='ltr'><strong>aliquam</strong></span> <span class='ocrx_word' id='word_1_66' title='bbox 903 1855 973 1940; x_wconf 86' lang='lat' dir='ltr'><strong>ejus</strong></span> <span class='ocrx_word' id='word_1_67' title='bbox 1000 1861 1128 1942; x_wconf 80' lang='lat' dir='ltr'><strong>partem</strong></span> <span class='ocrx_word' id='word_1_68' title='bbox 1160 1853 1260 1920; x_wconf 88' lang='lat' dir='ltr'><strong>alicui</strong></span> <span class='ocrx_word' id='word_1_69' title='bbox 1292 1876 1371 1919; x_wconf 90' lang='lat' dir='ltr'><strong>ven-</strong></span> 
     </span>
     <span class='ocr_line' id='line_1_10' title="bbox 322 1956 1371 2044; baseline 0.003 -25"><span class='ocrx_word' id='word_1_70' title='bbox 322 1956 406 2032; x_wconf 88' lang='lat' dir='ltr'><strong>dere,</strong></span> <span class='ocrx_word' id='word_1_71' title='bbox 429 1957 611 2036; x_wconf 77' lang='lat' dir='ltr'><strong>invadiare,</strong></span> <span class='ocrx_word' id='word_1_72' title='bbox 633 1957 687 2022; x_wconf 90' lang='lat' dir='ltr'><strong>vel</strong></span> <span class='ocrx_word' id='word_1_73' title='bbox 711 1957 822 2044; x_wconf 91' lang='lat' dir='ltr'><strong>aliquo</strong></span> <span class='ocrx_word' id='word_1_74' title='bbox 845 1958 911 2024; x_wconf 88' lang='lat' dir='ltr'><strong>alio</strong></span> <span class='ocrx_word' id='word_1_75' title='bbox 933 1957 1030 2023; x_wconf 91' lang='lat' dir='ltr'><strong>modo</strong></span> <span class='ocrx_word' id='word_1_76' title='bbox 1053 1957 1204 2035; x_wconf 87' lang='lat' dir='ltr'><strong>alienare,</strong></span> <span class='ocrx_word' id='word_1_77' title='bbox 1227 1958 1297 2022; x_wconf 88' lang='lat' dir='ltr'><strong>sine</strong></span> <span class='ocrx_word' id='word_1_78' title='bbox 1320 1979 1371 2022; x_wconf 88' lang='lat' dir='ltr'><strong>as-</strong></span> 
     </span>
     <span class='ocr_line' id='line_1_11' title="bbox 322 2043 1372 2126; baseline 0.002 -4"><span class='ocrx_word' id='word_1_79' title='bbox 322 2079 418 2123; x_wconf 86' lang='lat' dir='ltr'><strong>sensu</strong></span> <span class='ocrx_word' id='word_1_80' title='bbox 455 2043 568 2125; x_wconf 84' lang='lat' dir='ltr'><strong>nostro</strong></span> <span class='ocrx_word' id='word_1_81' title='bbox 606 2065 641 2125; x_wconf 85' lang='lat' dir='ltr'><strong>et</strong></span> <span class='ocrx_word' id='word_1_82' title='bbox 678 2081 896 2126; x_wconf 86' lang='lat' dir='ltr'><strong>successorum</strong></span> <span class='ocrx_word' id='word_1_83' title='bbox 936 2067 1130 2125; x_wconf 91' lang='lat' dir='ltr'><strong>nostrorum.</strong></span> <span class='ocrx_word' id='word_1_84' title='bbox 1190 2059 1372 2125; x_wconf 85' lang='lat' dir='ltr'><strong>Reddendo</strong></span> 
     </span>
     <span class='ocr_line' id='line_1_12' title="bbox 321 2161 1372 2248; baseline 0.001 -24"><span class='ocrx_word' id='word_1_85' title='bbox 321 2161 398 2225; x_wconf 89' lang='lat' dir='ltr'><strong>inda</strong></span> <span class='ocrx_word' id='word_1_86' title='bbox 421 2162 596 2228; x_wconf 89' lang='lat' dir='ltr'><strong>annuatim</strong></span> <span class='ocrx_word' id='word_1_87' title='bbox 630 2163 819 2248; x_wconf 87' lang='lat' dir='ltr'><strong>coquinario</strong></span> <span class='ocrx_word' id='word_1_88' title='bbox 851 2162 994 2228; x_wconf 82' lang='lat' dir='ltr'><strong>acclesiae</strong></span> <span class='ocrx_word' id='word_1_89' title='bbox 1030 2161 1282 2239; x_wconf 86' lang='lat' dir='ltr'><strong>Malmesburiae,</strong></span> <span class='ocrx_word' id='word_1_90' title='bbox 1314 2161 1372 2247; x_wconf 92' lang='lat' dir='ltr'><strong>qui</strong></span> 
     </span>
     <span class='ocr_line' id='line_1_13' title="bbox 322 2265 1373 2352; baseline 0.002 -24"><span class='ocrx_word' id='word_1_91' title='bbox 322 2285 381 2350; x_wconf 87' lang='lat' dir='ltr'><strong>pro</strong></span> <span class='ocrx_word' id='word_1_92' title='bbox 412 2270 560 2352; x_wconf 84' lang='lat' dir='ltr'><strong>tempore</strong></span> <span class='ocrx_word' id='word_1_93' title='bbox 591 2266 666 2342; x_wconf 83' lang='lat' dir='ltr'><strong>fuit,</strong></span> <span class='ocrx_word' id='word_1_94' title='bbox 704 2265 826 2352; x_wconf 87' lang='lat' dir='ltr'><strong>viginti</strong></span> <span class='ocrx_word' id='word_1_95' title='bbox 860 2265 1011 2330; x_wconf 85' lang='lat' dir='ltr'><strong>denarios</strong></span> <span class='ocrx_word' id='word_1_96' title='bbox 1043 2266 1086 2330; x_wconf 90' lang='lat' dir='ltr'><strong>ad</strong></span> <span class='ocrx_word' id='word_1_97' title='bbox 1119 2269 1262 2351; x_wconf 89' lang='lat' dir='ltr'><strong>quatuor</strong></span> <span class='ocrx_word' id='word_1_98' title='bbox 1292 2265 1373 2330; x_wconf 86' lang='lat' dir='ltr'><strong>anni</strong></span> 
     </span>
     <span class='ocr_line' id='line_1_14' title="bbox 321 2366 1372 2452; baseline 0 -22"><span class='ocrx_word' id='word_1_99' title='bbox 321 2367 497 2448; x_wconf 88' lang='lat' dir='ltr'><strong>termin0s;</strong></span> <span class='ocrx_word' id='word_1_100' title='bbox 521 2367 686 2447; x_wconf 85' lang='lat' dir='ltr'><strong>videlicet,</strong></span> <span class='ocrx_word' id='word_1_101' title='bbox 709 2369 752 2434; x_wconf 87' lang='lat' dir='ltr'><strong>ad</strong></span> <span class='ocrx_word' id='word_1_102' title='bbox 776 2369 896 2433; x_wconf 83' lang='lat' dir='ltr'><strong>festum</strong></span> <span class='ocrx_word' id='word_1_103' title='bbox 921 2368 1034 2433; x_wconf 86' lang='lat' dir='ltr'><strong>Sancti</strong></span> <span class='ocrx_word' id='word_1_104' title='bbox 1057 2367 1199 2432; x_wconf 85' lang='lat' dir='ltr'><strong>Andreae</strong></span> <span class='ocrx_word' id='word_1_105' title='bbox 1221 2366 1372 2452; x_wconf 79' lang='lat' dir='ltr'><strong>Apostoli</strong></span> 
     </span>
     <span class='ocr_line' id='line_1_15' title="bbox 322 2468 1372 2555; baseline 0.002 -23"><span class='ocrx_word' id='word_1_106' title='bbox 322 2469 468 2555; x_wconf 90' lang='lat' dir='ltr'><strong>quinque</strong></span> <span class='ocrx_word' id='word_1_107' title='bbox 506 2470 665 2548; x_wconf 88' lang='lat' dir='ltr'><strong>denarios,</strong></span> <span class='ocrx_word' id='word_1_108' title='bbox 704 2471 747 2534; x_wconf 92' lang='lat' dir='ltr'><strong>ad</strong></span> <span class='ocrx_word' id='word_1_109' title='bbox 784 2471 906 2535; x_wconf 84' lang='lat' dir='ltr'><strong>festum</strong></span> <span class='ocrx_word' id='word_1_110' title='bbox 945 2469 1223 2534; x_wconf 83' lang='lat' dir='ltr'><strong>Annunciationis</strong></span> <span class='ocrx_word' id='word_1_111' title='bbox 1261 2468 1372 2534; x_wconf 84' lang='lat' dir='ltr'><strong>Beatae</strong></span> 
     </span>
     <span class='ocr_line' id='line_1_16' title="bbox 322 2571 1373 2658; baseline -0.002 -22"><span class='ocrx_word' id='word_1_112' title='bbox 322 2571 437 2636; x_wconf 83' lang='lat' dir='ltr'><strong>Mariae</strong></span> <span class='ocrx_word' id='word_1_113' title='bbox 459 2573 605 2658; x_wconf 90' lang='lat' dir='ltr'><strong>quinque</strong></span> <span class='ocrx_word' id='word_1_114' title='bbox 629 2573 788 2649; x_wconf 89' lang='lat' dir='ltr'><strong>denarios,</strong></span> <span class='ocrx_word' id='word_1_115' title='bbox 816 2574 858 2637; x_wconf 88' lang='lat' dir='ltr'><strong>ad</strong></span> <span class='ocrx_word' id='word_1_116' title='bbox 892 2573 1013 2637; x_wconf 86' lang='lat' dir='ltr'><strong>festum</strong></span> <span class='ocrx_word' id='word_1_117' title='bbox 1045 2571 1244 2637; x_wconf 76' lang='lat' dir='ltr'><strong>Nativitatis</strong></span> <span class='ocrx_word' id='word_1_118' title='bbox 1277 2571 1373 2637; x_wconf 89' lang='lat' dir='ltr'><strong>Beati</strong></span> 
     </span>
     <span class='ocr_line' id='line_1_17' title="bbox 322 2675 1373 2763; baseline 0.001 -25"><span class='ocrx_word' id='word_1_119' title='bbox 322 2675 484 2740; x_wconf 85' lang='lat' dir='ltr'><strong>Johaunis</strong></span> <span class='ocrx_word' id='word_1_120' title='bbox 519 2676 680 2762; x_wconf 83' lang='lat' dir='ltr'><strong>Baptistae</strong></span> <span class='ocrx_word' id='word_1_121' title='bbox 716 2677 863 2763; x_wconf 85' lang='lat' dir='ltr'><strong>quinque</strong></span> <span class='ocrx_word' id='word_1_122' title='bbox 901 2676 1059 2742; x_wconf 87' lang='lat' dir='ltr'><strong>denarios.</strong></span> <span class='ocrx_word' id='word_1_123' title='bbox 1099 2681 1134 2742; x_wconf 88' lang='lat' dir='ltr'><strong>et</strong></span> <span class='ocrx_word' id='word_1_124' title='bbox 1171 2675 1214 2741; x_wconf 90' lang='lat' dir='ltr'><strong>ad</strong></span> <span class='ocrx_word' id='word_1_125' title='bbox 1251 2676 1373 2740; x_wconf 86' lang='lat' dir='ltr'><strong>festum</strong></span> 
     </span>
     <span class='ocr_line' id='line_1_18' title="bbox 323 2775 1374 2864; baseline 0.002 -24"><span class='ocrx_word' id='word_1_126' title='bbox 323 2775 438 2841; x_wconf 81' lang='lat' dir='ltr'><strong>Sancti</strong></span> <span class='ocrx_word' id='word_1_127' title='bbox 461 2776 631 2844; x_wconf 79' lang='lat' dir='ltr'><strong>Michaelis</strong></span> <span class='ocrx_word' id='word_1_128' title='bbox 654 2779 799 2864; x_wconf 89' lang='lat' dir='ltr'><strong>quinque</strong></span> <span class='ocrx_word' id='word_1_129' title='bbox 827 2778 984 2844; x_wconf 84' lang='lat' dir='ltr'><strong>denarios.</strong></span> <span class='ocrx_word' id='word_1_130' title='bbox 1032 2777 1077 2843; x_wconf 85' lang='lat' dir='ltr'><strong>Et</strong></span> <span class='ocrx_word' id='word_1_131' title='bbox 1099 2799 1158 2844; x_wconf 89' lang='lat' dir='ltr'><strong>nos</strong></span> <span class='ocrx_word' id='word_1_132' title='bbox 1182 2783 1216 2843; x_wconf 89' lang='lat' dir='ltr'><strong>et</strong></span> <span class='ocrx_word' id='word_1_133' title='bbox 1249 2799 1374 2842; x_wconf 89' lang='lat' dir='ltr'><strong>succes-</strong></span> 
     </span>
     <span class='ocr_line' id='line_1_19' title="bbox 323 2879 1374 2965; baseline -0.002 -21"><span class='ocrx_word' id='word_1_134' title='bbox 323 2900 410 2945; x_wconf 89' lang='lat' dir='ltr'><strong>sores</strong></span> <span class='ocrx_word' id='word_1_135' title='bbox 432 2880 536 2944; x_wconf 88' lang='lat' dir='ltr'><strong>nostri</strong></span> <span class='ocrx_word' id='word_1_136' title='bbox 560 2880 733 2965; x_wconf 84' lang='lat' dir='ltr'><strong>praedictas</strong></span> <span class='ocrx_word' id='word_1_137' title='bbox 755 2886 831 2945; x_wconf 83' lang='lat' dir='ltr'><strong>tres</strong></span> <span class='ocrx_word' id='word_1_138' title='bbox 863 2901 953 2945; x_wconf 86' lang='lat' dir='ltr'><strong>acras</strong></span> <span class='ocrx_word' id='word_1_139' title='bbox 985 2885 1082 2944; x_wconf 86' lang='lat' dir='ltr'><strong>terrae</strong></span> <span class='ocrx_word' id='word_1_140' title='bbox 1113 2901 1189 2945; x_wconf 89' lang='lat' dir='ltr'><strong>cum</strong></span> <span class='ocrx_word' id='word_1_141' title='bbox 1222 2879 1374 2945; x_wconf 90' lang='lat' dir='ltr'><strong>omnibus</strong></span> 
     </span>
     <span class='ocr_line' id='line_1_20' title="bbox 322 2979 1374 3068; baseline 0.001 -23"><span class='ocrx_word' id='word_1_142' title='bbox 322 2980 532 3067; x_wconf 86' lang='lat' dir='ltr'><strong>pertinentiis</strong></span> <span class='ocrx_word' id='word_1_143' title='bbox 554 2981 622 3046; x_wconf 86' lang='lat' dir='ltr'><strong>suis</strong></span> <span class='ocrx_word' id='word_1_144' title='bbox 638 2981 813 3068; x_wconf 65' lang='lat' dir='ltr'><strong>,praedictis</strong></span> <span class='ocrx_word' id='word_1_145' title='bbox 835 2981 981 3046; x_wconf 85' lang='lat' dir='ltr'><strong>Johauni</strong></span> <span class='ocrx_word' id='word_1_146' title='bbox 1013 2986 1047 3046; x_wconf 88' lang='lat' dir='ltr'><strong>ct</strong></span> <span class='ocrx_word' id='word_1_147' title='bbox 1078 2981 1202 3058; x_wconf 84' lang='lat' dir='ltr'><strong>Aliciae,</strong></span> <span class='ocrx_word' id='word_1_148' title='bbox 1226 2985 1260 3046; x_wconf 87' lang='lat' dir='ltr'><strong>ct</strong></span> <span class='ocrx_word' id='word_1_149' title='bbox 1281 2979 1374 3046; x_wconf 84' lang='lat' dir='ltr'><strong>hore·</strong></span> 
     </span>
     <span class='ocr_line' id='line_1_21' title="bbox 324 3082 1373 3170; baseline 0 -22"><span class='ocrx_word' id='word_1_150' title='bbox 324 3084 422 3149; x_wconf 87' lang='lat' dir='ltr'><strong>dibus</strong></span> <span class='ocrx_word' id='word_1_151' title='bbox 455 3085 491 3150; x_wconf 92' lang='lat' dir='ltr'><strong>in</strong></span> <span class='ocrx_word' id='word_1_152' title='bbox 525 3083 685 3170; x_wconf 82' lang='lat' dir='ltr'><strong>praedicta</strong></span> <span class='ocrx_word' id='word_1_153' title='bbox 718 3083 826 3150; x_wconf 87' lang='lat' dir='ltr'><strong>Alicia</strong></span> <span class='ocrx_word' id='word_1_154' title='bbox 862 3106 921 3169; x_wconf 89' lang='lat' dir='ltr'><strong>per</strong></span> <span class='ocrx_word' id='word_1_155' title='bbox 953 3082 1149 3170; x_wconf 82' lang='lat' dir='ltr'><strong>praedictum</strong></span> <span class='ocrx_word' id='word_1_156' title='bbox 1187 3083 1373 3148; x_wconf 71' lang='lat' dir='ltr'><strong>Iohannem</strong></span> 
     </span>
     <span class='ocr_line' id='line_1_22' title="bbox 322 3186 1374 3273; baseline -0.002 -19"><span class='ocrx_word' id='word_1_157' title='bbox 322 3188 508 3273; x_wconf 86' lang='lat' dir='ltr'><strong>procreatis,</strong></span> <span class='ocrx_word' id='word_1_158' title='bbox 539 3193 654 3253; x_wconf 86' lang='lat' dir='ltr'><strong>contra</strong></span> <span class='ocrx_word' id='word_1_159' title='bbox 676 3209 788 3253; x_wconf 90' lang='lat' dir='ltr'><strong>omnes</strong></span> <span class='ocrx_word' id='word_1_160' title='bbox 810 3187 965 3252; x_wconf 81' lang='lat' dir='ltr'><strong>mortales</strong></span> <span class='ocrx_word' id='word_1_161' title='bbox 997 3186 1306 3268; x_wconf 82' lang='lat' dir='ltr'><strong>warantizabimus3</strong></span> <span class='ocrx_word' id='word_1_162' title='bbox 1339 3192 1374 3252; x_wconf 88' lang='lat' dir='ltr'><strong>et</strong></span> 
     </span>
     <span class='ocr_line' id='line_1_23' title="bbox 324 3288 1373 3378; baseline -0.002 -23"><span class='ocrx_word' id='word_1_163' title='bbox 324 3295 399 3375; x_wconf 89' lang='lat' dir='ltr'><strong>post</strong></span> <span class='ocrx_word' id='word_1_164' title='bbox 421 3291 591 3356; x_wconf 86' lang='lat' dir='ltr'><strong>decessum</strong></span> <span class='ocrx_word' id='word_1_165' title='bbox 613 3291 847 3378; x_wconf 84' lang='lat' dir='ltr'><strong>praedictorum</strong></span> <span class='ocrx_word' id='word_1_166' title='bbox 869 3289 1032 3355; x_wconf 79' lang='lat' dir='ltr'><strong>Iohannis</strong></span> <span class='ocrx_word' id='word_1_167' title='bbox 1055 3295 1090 3355; x_wconf 89' lang='lat' dir='ltr'><strong>et</strong></span> <span class='ocrx_word' id='word_1_168' title='bbox 1111 3289 1237 3368; x_wconf 75' lang='lat' dir='ltr'><strong>Aricia,</strong></span> <span class='ocrx_word' id='word_1_169' title='bbox 1260 3295 1295 3355; x_wconf 87' lang='lat' dir='ltr'><strong>et</strong></span> <span class='ocrx_word' id='word_1_170' title='bbox 1317 3288 1373 3354; x_wconf 90' lang='lat' dir='ltr'><strong>he-</strong></span> 
     </span>
     <span class='ocr_line' id='line_1_24' title="bbox 323 3391 1374 3480; baseline 0 -24"><span class='ocrx_word' id='word_1_171' title='bbox 323 3392 439 3457; x_wconf 90' lang='lat' dir='ltr'><strong>redum</strong></span> <span class='ocrx_word' id='word_1_172' title='bbox 473 3395 508 3458; x_wconf 89' lang='lat' dir='ltr'><strong>in</strong></span> <span class='ocrx_word' id='word_1_173' title='bbox 542 3393 700 3480; x_wconf 70' lang='lat' dir='ltr'><strong>praedicta</strong></span> <span class='ocrx_word' id='word_1_174' title='bbox 731 3393 839 3458; x_wconf 83' lang='lat' dir='ltr'><strong>Alicia</strong></span> <span class='ocrx_word' id='word_1_175' title='bbox 872 3414 931 3479; x_wconf 86' lang='lat' dir='ltr'><strong>por</strong></span> <span class='ocrx_word' id='word_1_176' title='bbox 961 3393 1156 3479; x_wconf 80' lang='lat' dir='ltr'><strong>praedictum</strong></span> <span class='ocrx_word' id='word_1_177' title='bbox 1189 3391 1374 3457; x_wconf 87' lang='lat' dir='ltr'><strong>Johannem</strong></span> 
     </span>
     <span class='ocr_line' id='line_1_25' title="bbox 324 3495 1375 3582; baseline 0.001 -23"><span class='ocrx_word' id='word_1_178' title='bbox 324 3501 575 3580; x_wconf 82' lang='lat' dir='ltr'><strong>procreatorum,</strong></span> <span class='ocrx_word' id='word_1_179' title='bbox 597 3495 764 3582; x_wconf 83' lang='lat' dir='ltr'><strong>praedictae</strong></span> <span class='ocrx_word' id='word_1_180' title='bbox 787 3500 855 3560; x_wconf 84' lang='lat' dir='ltr'><strong>tres</strong></span> <span class='ocrx_word' id='word_1_181' title='bbox 878 3516 962 3561; x_wconf 85' lang='lat' dir='ltr'><strong>acrae</strong></span> <span class='ocrx_word' id='word_1_182' title='bbox 984 3500 1081 3560; x_wconf 82' lang='lat' dir='ltr'><strong>terrae</strong></span> <span class='ocrx_word' id='word_1_183' title='bbox 1103 3517 1178 3560; x_wconf 89' lang='lat' dir='ltr'><strong>cum</strong></span> <span class='ocrx_word' id='word_1_184' title='bbox 1209 3495 1375 3581; x_wconf 87' lang='lat' dir='ltr'><strong>pertinen·</strong></span> 
     </span>
    </p>

    <p class='ocr_par' dir='ltr' id='par_1_3' title="bbox 222 3597 1375 3995">
     <span class='ocr_line' id='line_1_26' title="bbox 222 3597 1375 3684; baseline 0.002 -22"><span class='ocrx_word' id='word_1_185' title='bbox 222 3673 224 3678; x_wconf 22' lang='lat'><strong>¹</strong></span> <span class='ocrx_word' id='word_1_186' title='bbox 326 3598 382 3663; x_wconf 86' lang='lat' dir='ltr'><strong>tiis</strong></span> <span class='ocrx_word' id='word_1_187' title='bbox 404 3601 473 3664; x_wconf 89' lang='lat' dir='ltr'><strong>suis</strong></span> <span class='ocrx_word' id='word_1_188' title='bbox 495 3600 539 3665; x_wconf 87' lang='lat' dir='ltr'><strong>ad</strong></span> <span class='ocrx_word' id='word_1_189' title='bbox 560 3620 621 3665; x_wconf 88' lang='lat' dir='ltr'><strong>nos</strong></span> <span class='ocrx_word' id='word_1_190' title='bbox 644 3601 679 3666; x_wconf 87' lang='lat' dir='ltr'><strong>et</strong></span> <span class='ocrx_word' id='word_1_191' title='bbox 701 3620 899 3665; x_wconf 86' lang='lat' dir='ltr'><strong>successores</strong></span> <span class='ocrx_word' id='word_1_192' title='bbox 922 3604 1050 3665; x_wconf 86' lang='lat' dir='ltr'><strong>nostros</strong></span> <span class='ocrx_word' id='word_1_193' title='bbox 1073 3599 1143 3664; x_wconf 90' lang='lat' dir='ltr'><strong>sine</strong></span> <span class='ocrx_word' id='word_1_194' title='bbox 1165 3597 1278 3684; x_wconf 90' lang='lat' dir='ltr'><strong>aliqua</strong></span> <span class='ocrx_word' id='word_1_195' title='bbox 1300 3621 1375 3666; x_wconf 91' lang='lat' dir='ltr'><strong>con·</strong></span> 
     </span>
     <span class='ocr_line' id='line_1_27' title="bbox 325 3701 1375 3788; baseline 0.001 -20"><span class='ocrx_word' id='word_1_196' title='bbox 325 3705 521 3769; x_wconf 86' lang='lat' dir='ltr'><strong>tradictione</strong></span> <span class='ocrx_word' id='word_1_197' title='bbox 544 3707 759 3768; x_wconf 80' lang='lat' dir='ltr'><strong>revertentur.</strong></span> <span class='ocrx_word' id='word_1_198' title='bbox 807 3703 848 3766; x_wconf 97' lang='lat' dir='ltr'><strong>In</strong></span> <span class='ocrx_word' id='word_1_199' title='bbox 871 3701 965 3788; x_wconf 88' lang='lat' dir='ltr'><strong>cujus</strong></span> <span class='ocrx_word' id='word_1_200' title='bbox 994 3702 1042 3768; x_wconf 90' lang='lat' dir='ltr'><strong>rei</strong></span> <span class='ocrx_word' id='word_1_201' title='bbox 1064 3703 1291 3769; x_wconf 84' lang='lat' dir='ltr'><strong>testimonium</strong></span> <span class='ocrx_word' id='word_1_202' title='bbox 1313 3703 1375 3769; x_wconf 86' lang='lat' dir='ltr'><strong>hoc</strong></span> 
     </span>
     <span class='ocr_line' id='line_1_28' title="bbox 326 3805 1375 3895; baseline 0.001 -24"><span class='ocrx_word' id='word_1_203' title='bbox 326 3807 485 3895; x_wconf 87' lang='lat' dir='ltr'><strong>scriptum</strong></span> <span class='ocrx_word' id='word_1_204' title='bbox 507 3805 704 3892; x_wconf 90' lang='lat' dir='ltr'><strong>bipertitum</strong></span> <span class='ocrx_word' id='word_1_205' title='bbox 727 3806 897 3869; x_wconf 85' lang='lat' dir='ltr'><strong>internos</strong></span> <span class='ocrx_word' id='word_1_206' title='bbox 919 3805 1104 3871; x_wconf 87' lang='lat' dir='ltr'><strong>confectum</strong></span> <span class='ocrx_word' id='word_1_207' title='bbox 1127 3812 1186 3884; x_wconf 87' lang='lat' dir='ltr'><strong>est,</strong></span> <span class='ocrx_word' id='word_1_208' title='bbox 1201 3813 1236 3872; x_wconf 86' lang='lat' dir='ltr'><strong>et</strong></span> <span class='ocrx_word' id='word_1_209' title='bbox 1258 3806 1375 3893; x_wconf 83' lang='lat' dir='ltr'><strong>sigillis</strong></span> 
     </span>
     <span class='ocr_line' id='line_1_29' title="bbox 326 3907 1051 3995; baseline 0.001 -22"><span class='ocrx_word' id='word_1_210' title='bbox 326 3911 446 3975; x_wconf 87' lang='lat' dir='ltr'><strong>nostris</strong></span> <span class='ocrx_word' id='word_1_211' title='bbox 467 3909 655 3976; x_wconf 79' lang='lat' dir='ltr'><strong>alternatim</strong></span> <span class='ocrx_word' id='word_1_212' title='bbox 679 3908 832 3995; x_wconf 85' lang='lat' dir='ltr'><strong>appensis</strong></span> <span class='ocrx_word' id='word_1_213' title='bbox 854 3907 1051 3974; x_wconf 87' lang='lat' dir='ltr'><strong>roboratum.</strong></span> 
     </span>
    </p>
   </div>
   <div class='ocr_carea' id='block_1_3' title="bbox 682 4158 1009 4228">
    <p class='ocr_par' dir='ltr' id='par_1_4' title="bbox 682 4158 1009 4228">
     <span class='ocr_line' id='line_1_30' title="bbox 682 4158 1009 4228; baseline 0.003 -3"><span class='ocrx_word' id='word_1_214' title='bbox 682 4158 763 4226; x_wconf 76' lang='lat' dir='ltr'><strong>Car.</strong></span> <span class='ocrx_word' id='word_1_215' title='bbox 792 4159 1009 4228; x_wconf 80' lang='lat' dir='ltr'>CCCXVIII.</span> 
     </span>
    </p>
   </div>
   <div class='ocr_carea' id='block_1_4' title="bbox 328 4308 1377 4602">
    <p class='ocr_par' dir='ltr' id='par_1_5' title="bbox 328 4308 1377 4602">
     <span class='ocr_line' id='line_1_31' title="bbox 328 4308 1377 4402; baseline 0.006 -26"><span class='ocrx_word' id='word_1_216' title='bbox 328 4311 376 4377; x_wconf 84' lang='lat' dir='ltr'><strong>De</strong></span> <span class='ocrx_word' id='word_1_217' title='bbox 397 4309 523 4377; x_wconf 73' lang='lat' dir='ltr'><strong>inacho</strong></span> <span class='ocrx_word' id='word_1_218' title='bbox 546 4308 709 4395; x_wconf 76' lang='lat' dir='ltr'><strong>fociectdo</strong></span> <span class='ocrx_word' id='word_1_219' title='bbox 731 4310 776 4377; x_wconf 78' lang='lat' dir='ltr'><strong>ia</strong></span> <span class='ocrx_word' id='word_1_220' title='bbox 797 4312 929 4400; x_wconf 66' lang='lat' dir='ltr'><strong>canapis</strong></span> <span class='ocrx_word' id='word_1_221' title='bbox 959 4311 1000 4379; x_wconf 81' lang='lat' dir='ltr'><strong>de</strong></span> <span class='ocrx_word' id='word_1_222' title='bbox 1022 4311 1262 4402; x_wconf 74' lang='lat' dir='ltr'><strong>Brolcc&#39;ceberpc</strong></span> <span class='ocrx_word' id='word_1_223' title='bbox 1285 4322 1315 4381; x_wconf 86' lang='lat' dir='ltr'><strong>ct</strong></span> <span class='ocrx_word' id='word_1_224' title='bbox 1337 4315 1377 4382; x_wconf 84' lang='lat' dir='ltr'><strong>de</strong></span> 
     </span>
     <span class='ocr_line' id='line_1_32' title="bbox 415 4411 1375 4504; baseline 0.006 -26"><span class='ocrx_word' id='word_1_225' title='bbox 415 4411 607 4479; x_wconf 70' lang='lat' dir='ltr'><strong>Bomilcare</strong></span> <span class='ocrx_word' id='word_1_226' title='bbox 629 4435 652 4478; x_wconf 85' lang='lat' dir='ltr'><strong>c</strong></span> <span class='ocrx_word' id='word_1_227' title='bbox 671 4421 782 4499; x_wconf 78' lang='lat' dir='ltr'><strong>pocta,</strong></span> <span class='ocrx_word' id='word_1_228' title='bbox 805 4414 845 4480; x_wconf 80' lang='lat' dir='ltr'><strong>cte</strong></span> <span class='ocrx_word' id='word_1_229' title='bbox 867 4414 1047 4482; x_wconf 77' lang='lat' dir='ltr'><strong>Falebrolce</strong></span> <span class='ocrx_word' id='word_1_230' title='bbox 1070 4439 1184 4504; x_wconf 73' lang='lat' dir='ltr'><strong>,usquc</strong></span> <span class='ocrx_word' id='word_1_231' title='bbox 1215 4418 1263 4484; x_wconf 80' lang='lat' dir='ltr'><strong>od</strong></span> <span class='ocrx_word' id='word_1_232' title='bbox 1284 4419 1375 4484; x_wconf 80' lang='lat' dir='ltr'><strong>Hul-</strong></span> 
     </span>
     <span class='ocr_line' id='line_1_33' title="bbox 417 4515 832 4602; baseline 0.002 -23"><span class='ocrx_word' id='word_1_233' title='bbox 417 4515 527 4602; x_wconf 74' lang='lat' dir='ltr'><strong>brippe</strong></span> <span class='ocrx_word' id='word_1_234' title='bbox 549 4515 588 4580; x_wconf 80' lang='lat' dir='ltr'><strong>de</strong></span> <span class='ocrx_word' id='word_1_235' title='bbox 611 4515 832 4582; x_wconf 74' lang='lat' dir='ltr'><strong>Brecwlhum.</strong></span> 
     </span>
    </p>
   </div>
   <div class='ocr_carea' id='block_1_5' title="bbox 371 4651 1544 4739">
    <p class='ocr_par' dir='ltr' id='par_1_6' title="bbox 371 4651 1544 4739">
     <span class='ocr_line' id='line_1_34' title="bbox 371 4651 1544 4739; baseline 0.012 -24"><span class='ocrx_word' id='word_1_236' title='bbox 371 4651 454 4717; x_wconf 86' lang='lat' dir='ltr'><strong>Haec</strong></span> <span class='ocrx_word' id='word_1_237' title='bbox 483 4656 534 4716; x_wconf 86' lang='lat' dir='ltr'><strong>est</strong></span> <span class='ocrx_word' id='word_1_238' title='bbox 556 4651 664 4716; x_wconf 86' lang='lat' dir='ltr'><strong>finalis</strong></span> <span class='ocrx_word' id='word_1_239' title='bbox 687 4653 860 4717; x_wconf 89' lang='lat' dir='ltr'><strong>concordia</strong></span> <span class='ocrx_word' id='word_1_240' title='bbox 891 4653 979 4719; x_wconf 86' lang='lat' dir='ltr'><strong>facta</strong></span> <span class='ocrx_word' id='word_1_241' title='bbox 1012 4655 1098 4720; x_wconf 87' lang='lat' dir='ltr'><strong>inter</strong></span> <span class='ocrx_word' id='word_1_242' title='bbox 1122 4655 1292 4721; x_wconf 90' lang='lat' dir='ltr'><strong>dominum</strong></span> <span class='ocrx_word' id='word_1_243' title='bbox 1315 4657 1373 4722; x_wconf 84' lang='lat' dir='ltr'><strong>Jo-</strong></span> <span class='ocrx_word' id='word_1_244' title='bbox 1386 4675 1544 4739; x_wconf 71' lang='lat' dir='ltr'><strong>agreement</strong></span> 
     </span>
    </p>
   </div>
   <div class='ocr_carea' id='block_1_6' title="bbox 326 4742 1516 4861">
    <p class='ocr_par' dir='ltr' id='par_1_7' title="bbox 326 4742 1516 4861">
     <span class='ocr_line' id='line_1_35' title="bbox 326 4742 1516 4861; baseline 0.012 -43"><span class='ocrx_word' id='word_1_245' title='bbox 326 4753 469 4820; x_wconf 86' lang='lat' dir='ltr'><strong>hannem</strong></span> <span class='ocrx_word' id='word_1_246' title='bbox 492 4753 654 4830; x_wconf 85' lang='lat' dir='ltr'><strong>abbatem,</strong></span> <span class='ocrx_word' id='word_1_247' title='bbox 671 4759 705 4818; x_wconf 90' lang='lat' dir='ltr'><strong>et</strong></span> <span class='ocrx_word' id='word_1_248' title='bbox 728 4761 926 4820; x_wconf 82' lang='lat' dir='ltr'><strong>conventum</strong></span> <span class='ocrx_word' id='word_1_249' title='bbox 950 4756 1199 4834; x_wconf 81' lang='lat' dir='ltr'><strong>Malmcsburiae,</strong></span> <span class='ocrx_word' id='word_1_250' title='bbox 1216 4782 1258 4823; x_wconf 83' lang='lat' dir='ltr'><strong>cx</strong></span> <span class='ocrx_word' id='word_1_251' title='bbox 1281 4767 1373 4846; x_wconf 87' lang='lat' dir='ltr'><strong>parte</strong></span> <span class='ocrx_word' id='word_1_252' title='bbox 1388 4742 1516 4861; x_wconf 54' lang='lat' dir='ltr'><strong>{iifflf</strong></span> 
     </span>
    </p>
   </div>
   <div class='ocr_carea' id='block_1_7' title="bbox 327 4856 1544 4937">
    <p class='ocr_par' dir='ltr' id='par_1_8' title="bbox 327 4856 1544 4937">
     <span class='ocr_line' id='line_1_36' title="bbox 327 4856 1544 4937; baseline 0.007 -14"><span class='ocrx_word' id='word_1_253' title='bbox 327 4879 402 4936; x_wconf 90' lang='lat' dir='ltr'><strong>una,</strong></span> <span class='ocrx_word' id='word_1_254' title='bbox 426 4862 460 4922; x_wconf 91' lang='lat' dir='ltr'><strong>et</strong></span> <span class='ocrx_word' id='word_1_255' title='bbox 483 4856 660 4922; x_wconf 87' lang='lat' dir='ltr'><strong>Ricardum</strong></span> <span class='ocrx_word' id='word_1_256' title='bbox 683 4857 788 4922; x_wconf 90' lang='lat' dir='ltr'><strong>filium</strong></span> <span class='ocrx_word' id='word_1_257' title='bbox 813 4858 938 4924; x_wconf 82' lang='lat' dir='ltr'><strong>Mathai</strong></span> <span class='ocrx_word' id='word_1_258' title='bbox 963 4859 1003 4923; x_wconf 89' lang='lat' dir='ltr'><strong>de</strong></span> <span class='ocrx_word' id='word_1_259' title='bbox 1027 4859 1243 4937; x_wconf 87' lang='lat' dir='ltr'><strong>Bremclham,</strong></span> <span class='ocrx_word' id='word_1_260' title='bbox 1267 4885 1307 4926; x_wconf 83' lang='lat' dir='ltr'><strong>ex</strong></span> <span class='ocrx_word' id='word_1_261' title='bbox 1328 4863 1375 4929; x_wconf 91' lang='lat' dir='ltr'><strong>al·</strong></span> <span class='ocrx_word' id='word_1_262' title='bbox 1388 4877 1544 4930; x_wconf 83' lang='lat' dir='ltr'><strong>thewabout</strong></span> 
     </span>
    </p>
   </div>
   <div class='ocr_carea' id='block_1_8' title="bbox 0 0 1797 5812">
    <p class='ocr_par' dir='ltr' id='par_1_9' title="bbox 0 0 1797 5812">
     <span class='ocr_line' id='line_1_37' title="bbox 0 0 1797 5812; baseline 0 0"><span class='ocrx_word' id='word_1_263' title='bbox 0 0 1797 5812; x_wconf 95' lang='lat' dir='ltr'><strong> </strong></span> 
     </span>
    </p>
   </div>
  </div>
 </body>
</html>
