3524 5808
673 926 850 976 aernunrx
874 926 895 974 1.
1243 908 1309 980 367
1389 963 1392 972 .

134 1125 137 1132 “
255 1117 343 1202 giam
379 1119 537 1184 stramine
571 1123 768 1205 coopertam,
792 1117 883 1181 illam
916 1116 1041 1182 scilicet
1072 1139 1147 1202 quae
1169 1117 1235 1182 sita
1257 1121 1308 1182 est

252 1219 353 1305 juxta
395 1227 524 1306 portam
562 1221 795 1307 aquilonarem.
858 1219 951 1284 Fecit
988 1219 1089 1285 etiam
1127 1218 1306 1284 cancellum

256 1322 390 1407 capellae
413 1323 453 1388 de
478 1322 699 1388 Oreddewelle
723 1343 764 1387 ex
787 1326 859 1386 toto
885 1323 1043 1388 renovari.
1090 1321 1183 1387 Fecit
1205 1321 1305 1386 etiarn
1319 1323 1374 1376 tt·

257 1445 408 1510 campum
437 1426 538 1510 juxta
566 1426 691 1490 curiam
714 1425 754 1490 de
779 1423 1030 1509 Cr·edd[ewelle]
1054 1424 1307 1510 circumquaque

257 1527 380 1592 includi
414 1528 493 1593 viva
526 1529 621 1614 haya
669 1528 760 1594 Fecit
786 1528 886 1593 etiam
910 1527 1085 1612 gardinum
1109 1549 1203 1591 muro
1226 1527 1308 1613 lapi·

257 1628 317 1694 deo
333 1630 466 1708 includi,
483 1636 517 1695 et
531 1652 689 1717 magnum
704 1631 870 1695 vivarium
894 1630 1046 1715 reparari.
1093 1628 1186 1695 Fecit
1208 1630 1309 1695 etiam

257 1753 356 1796 unam
395 1732 529 1797 domum
564 1734 666 1819 juxta
702 1731 875 1820 gardinum
915 1736 1010 1816 petra
1047 1737 1242 1818 coopertam,
1276 1737 1310 1796 et

257 1834 354 1899 aliam
382 1836 485 1920 juxta
516 1841 646 1922 portam
680 1833 873 1901 orientalem
909 1833 1038 1899 ibidem.
1083 1834 1177 1900 Fecit
1207 1836 1309 1900 etiam

257 1943 402 2002 veterem
425 1938 535 2004 aulam
553 1939 656 2024 juxta
678 1938 889 2024 cymiterium
912 1931 1073 2003 renovari.

302 2041 401 2126 Apud
425 2041 676 2127 Brokeneberge
710 2041 788 2106 fecit
822 2061 922 2105 unam
957 2061 1110 2125 magnam
1137 2041 1310 2126 grangiam

257 2148 352 2227 petra
374 2149 569 2228 coopertam.

302 2245 404 2330 Apud
436 2245 635 2310 Niwentone
673 2242 752 2309 fecit
794 2264 894 2308 unam
940 2264 1093 2329 magnam
1138 2245 1310 2330 grangiam

258 2351 353 2432 petra
374 2353 569 2434 coopertam.

303 2447 403 2532 Apud
427 2447 568 2514 Suttone
591 2447 670 2512 fecit
686 2467 784 2510 unam
808 2447 987 2532 grangiam,
1012 2452 1046 2511 et
1069 2447 1193 2512 curiam
1217 2467 1310 2510 muro

258 2549 389 2634 lapideo
412 2550 545 2626 includi,
569 2554 604 2615 et
626 2570 738 2614 omnes
762 2548 875 2613 domos
897 2549 1020 2612 ibidem
1044 2549 1231 2614 existentes.

306 2653 405 2737 Apud
431 2652 649 2737 Fouleswyke
688 2650 769 2716 fecit
806 2671 906 2715 unam
945 2650 1064 2727 aulam,
1097 2657 1131 2716 et
1169 2651 1311 2716 mediam

261 2774 421 2818 cameram
454 2755 542 2818 inter
576 2753 658 2818 duas
690 2773 834 2818 cameras
859 2752 902 2816 ad
924 2752 1081 2838 gabulum
1106 2752 1196 2817 illius
1218 2753 1311 2831 aulae,

260 2853 427 2920 boveriam
466 2860 500 2920 et
538 2856 721 2941 coquinam,
759 2859 794 2919 et
831 2855 896 2918 duo
935 2855 1066 2920 stabula
1103 2856 1182 2921 fecit
1218 2862 1313 2942 petra

261 2962 421 3042 cooperta,
454 2963 488 3021 et
519 2957 643 3022 curiam
679 2977 772 3020 muro
805 2955 934 3041 lapideo
968 2956 1102 3033 includi,
1137 2963 1172 3022 et
1203 2963 1312 3022 totum

261 3079 413 3144 campum
437 3081 479 3122 ex
501 3064 643 3144 utraque
666 3063 760 3144 parte
783 3058 871 3123 bosci
895 3058 936 3121 de
959 3057 1178 3144 Fouleswyke
1199 3061 1313 3145 jacen·

260 3165 338 3236 tem,
362 3159 486 3225 fossato
509 3166 544 3225 et
566 3161 646 3224 viva
681 3160 769 3244 haya
802 3158 939 3234 includi,
963 3180 1130 3224 unacum
1162 3160 1221 3224 illa
1243 3162 1312 3226 oul-

132 3299 142 3316 ·
262 3266 339 3326 tura
376 3283 451 3346 quae
495 3260 684 3346 appellatur
722 3259 962 3337 Rowemerhse‚
986 3281 1086 3344 quam
1109 3261 1209 3326 etiam
1233 3261 1314 3327 fecit

263 3363 353 3447 haya
377 3363 457 3427 viva
480 3361 656 3428 includere.

307 3465 407 3550 Apud
431 3463 628 3531 Oherletone
652 3463 731 3529 feeit
753 3464 834 3528 duas
856 3465 1010 3550 grangiae
1032 3484 1136 3528 novae
1158 3469 1193 3528 et
1215 3465 1312 3529 bove·

262 3567 346 3630 riam
368 3581 403 3632 et
425 3565 628 3652 porcheriam
652 3570 686 3630 et
709 3565 791 3629 duas
829 3571 940 3649 portae
963 3571 1058 3650 petra
1080 3571 1256 3652 coopertas,
1279 3571 1313 3630 et

263 3669 515 3734 totameuriam
538 3690 632 3733 muro
656 3667 785 3754 lapideo
808 3667 940 3732 includi.

307 3770 407 3856 Apud
432 3769 606 3835 Stonhulie
629 3770 708 3835 fecit
730 3790 830 3834 unam
855 3769 987 3833 domum
1009 3775 1104 3856 petra
1118 3776 1311 3856 coopertam.

308 3873 408 3957 Apud
432 3870 604 3938 Northone
627 3871 706 3937 fecit
729 3872 811 3936 duas
833 3873 986 3958 grangias
1020 3893 1131 3950 novae,
1154 3873 1313 3938 stramine

264 3981 439 4059 coopertas,
464 3979 498 4038 et
536 3995 636 4038 unam
667 3973 834 4038 boveriam
870 3975 1027 4037 stramine
1060 3979 1254 4060 coopertam,
1278 3980 1313 4039 et

263 4097 362 4140 unam
385 4081 514 4162 portam
538 4083 632 4162 petra
654 4082 847 4161 coopertam.

307 4178 408 4264 Apud
432 4177 581 4243 Foxham
615 4177 694 4243 fecit
717 4199 829 4242 omnes
852 4177 965 4242 domos
987 4178 1110 4243 ibidem
1134 4179 1314 4246 existentes
1325 4205 1343 4257 f.
1356 4209 1406 4257 aa,

263 4287 383 4366 prmtar
405 4285 549 4346 veterem
572 4277 751 4366 grangiam.

310 4381 410 4466 Apud
440 4380 641 4446 Lutlentone
672 4381 751 4448 fecit
782 4403 895 4446 omnes
928 4383 1041 4448 domos
1073 4382 1196 4448 ibidem
1228 4383 1314 4448 exis-

263 4487 372 4546 tentes
395 4487 515 4568 praeter
537 4482 648 4548 aulam
672 4489 706 4548 et
727 4503 897 4548 eameram.
944 4483 988 4547 Et
1017 4483 1097 4548 fecit
1117 4482 1257 4568 gardina
1280 4489 1314 4548 et

262 4589 369 4650 totam
391 4585 515 4649 curiam
539 4605 633 4650 muro
656 4584 784 4673 lapideo
807 4583 940 4650 includi.
