3526 5810
523 893 720 946 anersrnuu
742 893 1063 945 mnumammvsn.
1253 875 1319 948 247

271 1081 377 1169 legiis,
414 1081 535 1162 croilis,
573 1083 686 1169 pratis,
720 1079 850 1170 pascuis
880 1087 916 1146 et
943 1081 1096 1168 pasturis,
1127 1083 1317 1149 tenentibus

272 1185 385 1251 liberis
407 1191 442 1252 et
474 1186 586 1264 servis,
610 1192 645 1252 et
676 1207 788 1253 eorum
819 1185 1005 1251 redditibus
1027 1191 1062 1251 ct
1092 1187 1248 1264 serviciis,
1282 1192 1317 1252 et

271 1289 421 1355 omnibus
443 1290 518 1356 aliis
541 1290 646 1368 rebus,
670 1288 881 1355 libertatibus
904 1299 939 1354 et
972 1287 1084 1354 liberis
1106 1289 1316 1356 consuetudi-

271 1392 378 1469 nibus,
401 1393 444 1458 ad
475 1393 651 1480 praedictas
684 1397 789 1458 terras
811 1391 853 1457 de
875 1392 1031 1457 Westone
1062 1392 1315 1478 pertinentibus,

270 1499 305 1558 et
337 1515 413 1560 cum
446 1496 662 1562 advocatione
697 1495 865 1580 praedictae
897 1495 1041 1563 ecclesiae
1073 1495 1115 1561 de
1148 1496 1316 1573 Westone,

272 1595 438 1681 praedictis
471 1597 585 1662 abbati
619 1602 654 1661 et
684 1598 871 1673 conventui,
894 1599 966 1663 sine
987 1597 1055 1664 ullo
1086 1598 1314 1677 retinemento,

269 1720 372 1784 usque
394 1699 438 1764 ad
453 1700 635 1786 legitimam
650 1704 783 1765 aetatem
806 1699 965 1764 heredum
987 1701 1137 1787 praedicti
1152 1700 1315 1767 «Iohannis

269 1803 327 1886 qui
349 1823 438 1868 nunc
460 1807 547 1879 sunt,
571 1807 606 1867 et
628 1802 781 1867 omnibus
804 1802 878 1868 aliis
901 1805 1037 1869 escaetis
1059 1825 1134 1890 quae
1156 1805 1315 1889 praedicto

268 1903 402 1969 domino
434 1904 551 1983 Alano,
585 1910 646 1970 aut
678 1905 854 1970 heredibus
886 1907 964 1984 suis,
987 1907 1115 1973 ratione
1144 1907 1313 1992 praedictae

267 2007 424 2072 custodiae
447 2008 534 2073 infra
555 2012 689 2073 aetatem
719 2007 876 2073 heredum
898 2009 1048 2096 praedicti
1071 2008 1234 2074 Johannis
1257 2009 1315 2094 qui

266 2131 355 2175 nunc
376 2115 464 2188 sunt,
480 2109 591 2196 aliquo
614 2111 710 2176 modo
732 2115 865 2196 possent
879 2111 1032 2177 accidere.
1071 2111 1116 2175 Et
1138 2110 1315 2197 praedictus

266 2213 418 2277 dominus
440 2212 569 2277 Alanus
591 2217 626 2277 et
646 2212 781 2278 heredes
803 2215 856 2278 sui
878 2213 1060 2279 custodiam
1083 2213 1314 2299 praedictarum

266 2320 427 2380 terranem
442 2335 518 2379 cum
533 2313 686 2379 omnibus
700 2314 911 2401 pertinentiis
926 2315 1003 2391 suis,
1018 2315 1105 2382 sicut
1120 2314 1314 2402 praedictum

267 2422 325 2493 est,
348 2417 516 2502 praedictis
538 2417 651 2482 abbati
674 2423 708 2483 et
730 2419 917 2496 conventui,
940 2439 1043 2505 usque
1065 2419 1108 2484 ad
1130 2419 1313 2506 legitimam
1327 2433 1341 2482 f
1357 2433 1437 2485 assa.

267 2523 399 2584 aetatem
437 2518 595 2584 heredum
632 2520 782 2606 praedicti
819 2521 982 2586 Johennis
1019 2520 1077 2606 qui
1106 2543 1196 2588 nunc
1226 2527 1313 2598 sunt,

265 2626 381 2686 contra
402 2641 514 2687 omnes
548 2622 703 2689 mortales
726 2624 1000 2700 warantizabunt,
1023 2629 1058 2688 et
1087 2624 1128 2689 de
1160 2625 1313 2690 omnibus

266 2723 413 2789 serviciis
436 2729 470 2789 ct
493 2725 673 2802 demendis,
688 2725 732 2789 ad
753 2725 950 2811 praedictum
973 2725 1143 2791 dominum
1165 2726 1312 2792 Alanum

266 2832 300 2890 et
322 2825 458 2892 heredes
480 2827 534 2892 vol
557 2828 741 2915 assignatos
763 2850 839 2893 suos
862 2829 1116 2914 pertinentibus,
1145 2831 1311 2916 acquieta-

265 2931 351 2995 bunt
388 2935 424 2995 et
459 2930 645 2996 defendent.
705 2931 768 2996 Pro
806 2931 867 2996 hac
905 2937 1019 2997 autem
1050 2932 1243 3004 venditione
1277 2939 1312 2998 et

264 3033 470 3099 concessione
512 3035 675 3100 dederunt
722 3034 873 3121 praedicti
910 3035 1012 3100 abbas
1050 3040 1084 3100 et
1128 3041 1311 3102 conventus

265 3136 422 3220 praedicto
456 3135 590 3200 domino
621 3137 728 3202 Alano
759 3138 980 3224 quadraginta
1016 3159 1141 3205 marcas
1173 3140 1310 3226 argenti.

264 3237 307 3302 In
328 3237 422 3324 cujus
445 3237 493 3302 rei
515 3239 742 3304 testimonium
766 3239 844 3309 huic
878 3241 1000 3328 scripto
1023 3240 1180 3327 bipertito
1202 3247 1313 3330 partes

262 3339 454 3407 alternatim
476 3341 587 3428 sigilla
608 3363 669 3408 sua
689 3347 921 3428 apposuerunt.
967 3342 1047 3409 Hiis
1069 3344 1219 3424 testibus,
1242 3350 1303 3412 etc.

621 3581 700 3650 Car.
725 3582 929 3652 CCCLXVI.

266 3733 388 3816 Quieta
409 3733 602 3801 clamatio
623 3735 793 3902 Hupokree}
808 3735 855 3904 de]
870 3738 1017 3826 Kylpeeh
1033 3739 1131 3826 facto
1159 3737 1309 3806 Ricardo

792 3846 871 3906 rete.

246 3957 251 3968 ’
307 3982 423 4048 Sciant
445 3988 623 4069 praesentes
646 3990 680 4050 et
702 3984 808 4050 futuri
842 3988 929 4073 quod
952 4010 1012 4076 ego
1034 3988 1187 4057 dominus
1209 3991 1427 4080 Hugoaelease

263 4084 304 4150 de
320 4085 451 4172 Kylpec
472 4086 631 4166 relaxavi,
654 4093 690 4153 et
711 4089 859 4175 quietam
881 4088 1021 4157 clamavi
1044 4114 1104 4178 pro
1126 4116 1179 4159 me
1201 4100 1237 4160 et
1251 4095 1309 4161 he·
1322 4063 1442 4196 {iffi}

261 4187 396 4252 redibus
418 4189 500 4254 meis
534 4189 785 4276 imperpetuum,
809 4191 951 4258 Ricardo
974 4193 1004 4259 le
1027 4194 1131 4260 Breth
1154 4196 1195 4261 de
1216 4197 1309 4264 Wes-
1322 4197 1446 4262 Kylpeek‚

259 4294 348 4366 tone,
380 4295 414 4355 et
445 4291 620 4358 heredibus
658 4294 734 4370 suis,
765 4293 986 4362 omnimodam
1012 4297 1157 4363 wardam
1184 4300 1310 4366 castelli
1321 4266 1473 4382 pppputof

261 4392 326 4454 mei
359 4391 400 4456 de
433 4392 571 4480 Kylpec,
604 4399 639 4460 et
672 4396 893 4463 omnimodam
927 4404 1049 4465 sectam
1081 4404 1180 4468 curiae
1218 4426 1307 4469 meae.

263 4493 317 4557 Ite
340 4495 429 4580 quod
453 4495 613 4564 Ricardus
636 4499 667 4564 le
690 4499 793 4566 Breth
810 4505 843 4566 et
857 4501 994 4568 heredes
1016 4504 1068 4568 sui
1090 4507 1309 4591 respondeant

260 4594 401 4660 mihiel
433 4597 608 4662 heredibus
642 4603 722 4664 meis
755 4603 795 4665 de
829 4604 932 4689 regali
966 4607 1111 4686 servicio,
1147 4613 1309 4694 quantum

263 4698 410 4784 pertinet
442 4699 484 4763 ad
523 4705 590 4765 tres
624 4707 734 4786 partes
765 4706 865 4768 unius
900 4706 990 4770 feodi
1027 4709 1152 4786 militis,
1176 4712 1307 4795 quando

260 4801 409 4866 evenerit
423 4823 482 4886 per
496 4824 667 4870 commune
683 4807 855 4872 consilium
879 4809 979 4894 regni,
996 4815 1030 4874 et
1052 4812 1093 4875 de
1118 4813 1307 4879 rationabili
