3524 5808
703 907 879 956 uersuum
903 909 924 956 1.
1257 895 1322 963 377

268 1107 427 1152 consensu
451 1092 485 1151 et
516 1087 700 1164 voluntate,
723 1088 884 1168 dedimus,
907 1088 1124 1154 concessimus
1156 1094 1191 1153 et
1221 1089 1323 1176 assig-

268 1190 423 1254 navimus
445 1195 552 1255 totam
576 1195 697 1256 terram
722 1190 762 1255 de
785 1189 821 1255 lu
850 1189 1081 1256 Btubctcuude
1110 1211 1186 1256 cum
1216 1190 1321 1256 domi·

269 1290 330 1356 bus
352 1291 475 1356 ibidem
499 1298 534 1356 et
568 1297 640 1357 tota
663 1291 846 1368 bledatura,
870 1298 905 1358 et
928 1313 1003 1359 cum
1026 1293 1193 1359 sexdecim
1217 1293 1322 1358 bobus

269 1399 303 1459 et
334 1396 463 1461 duobus
494 1394 612 1472 efferis,
647 1417 722 1461 cum
757 1395 922 1482 plaustris,
955 1396 1100 1473 carectis,
1131 1397 1257 1463 carucis
1280 1403 1316 1462 et

268 1496 466 1560 utensilibus
503 1496 598 1574 aliis3
635 1501 670 1561 et
702 1517 777 1562 oum
817 1497 968 1562 omnibus
1006 1497 1081 1564 eliis
1119 1498 1323 1585 appendiciis

269 1599 311 1664 ad
349 1599 541 1686 praedictam
573 1603 696 1665 terram
728 1600 768 1665 de
804 1599 840 1665 la
862 1598 1097 1666 Btubetuuodo
1128 1623 1323 1687 quocunque

269 1701 365 1766 modo
391 1701 628 1787 spectantibus,
651 1707 692 1766 ut
721 1702 757 1765 in
787 1703 944 1788 gardinis,
967 1703 1082 1781 boscis,
1109 1705 1223 1790 pratis,
1247 1725 1322 1790 pas-

269 1803 346 1880 cuis,
362 1803 517 1890 pasturis,
531 1802 725 1880 redditibus,
749 1805 1046 1870 consuetudinibus
1061 1805 1321 1892 quibuscunque,

269 1905 372 1970 servis
395 1911 429 1970 et
463 1906 564 1971 libere
592 1905 791 1984 tenentibus,
815 1909 859 1972 ad
881 1908 1186 1995 augmentationem
1210 1910 1323 1994 coqui·

269 2029 321 2074 nae
345 2013 527 2073 conventus
561 2007 667 2072 nostri
690 2008 932 2094 inperpetuum.
998 2009 1190 2076 Statuentes
1223 2016 1323 2096 atque

273 2110 463 2176 ordinantes
499 2115 537 2174 ut
570 2109 782 2195 coquinarius
815 2116 1009 2190 conventus,
1032 2112 1231 2198 quicumque
1263 2133 1322 2199 pro

270 2218 417 2298 ternpore
450 2211 562 2288 fuerit,
594 2211 786 2298 praedictam
813 2216 935 2278 terram
959 2213 999 2278 de
1034 2213 1070 2280 lo
1092 2213 1323 2282 Bubassus

270 2337 343 2380 cum
375 2314 527 2380 omnibus
560 2319 595 2378 et
628 2314 770 2400 singulis
792 2316 1024 2402 suprascriptis
1047 2321 1169 2394 teneat,
1193 2323 1228 2382 et
1250 2339 1322 2384 eam

269 2419 404 2503 integre,
440 2417 540 2481 iibere
575 2420 609 2480 et
644 2417 786 2502 pacifice,
822 2439 881 2504 pro
914 2423 951 2482 ut
986 2419 1029 2484 ad
1068 2441 1151 2505 opus
1174 2421 1322 2506 coquinae

269 2524 451 2586 conventus
488 2517 606 2583 melius
647 2517 770 2583 viderit
815 2519 978 2605 expedire,
1025 2521 1161 2598 excolat,
1199 2521 1322 2607 absque

268 2621 358 2686 omni
381 2621 532 2686 molestia
554 2641 612 2685 seu
645 2620 854 2706 impetitione
886 2627 1000 2686 nostra
1023 2622 1076 2688 vel
1100 2643 1322 2689 successorum

267 2728 455 2789 nostrorum
493 2723 736 2807 inperpetuum,
773 2722 923 2788 faciendo
959 2723 1157 2809 capitalibus
1180 2723 1322 2790 dominis

269 2825 356 2891 feodi
379 2824 469 2890 illius
503 2825 642 2890 servicia
664 2825 742 2888 inde
765 2824 878 2890 debita
900 2829 935 2889 et
957 2831 1120 2892 consueta.
1167 2826 1230 2892 Pro
1260 2827 1322 2894 hac

269 2934 381 2994 autem
415 2932 528 2994 nostra
562 2913 792 3012 assignatione,
824 2927 973 2993 inveniet
1004 2929 1213 3014 coquinarius
1246 2950 1323 2996 con·

270 3036 390 3097 ventus
413 3031 471 3116 qui
505 3051 564 3116 pro
598 3035 747 3116 tempore
769 3030 880 3108 fuerit,
903 3031 1043 3117 singulis
1065 3032 1181 3098 diebus
1213 3033 1322 3119 inper-

270 3140 416 3220 petuum,
440 3132 610 3218 capellano
644 3133 832 3218 quicunque
871 3133 1087 3200 celebraverit
1125 3135 1161 3199 in
1199 3135 1324 3222 capella

269 3237 310 3303 de
347 3237 434 3301 Albo
473 3235 680 3314 MonasteriO,
720 3257 823 3300 unum
869 3235 1029 3302 ferculum
1076 3238 1164 3324 quod
1202 3238 1324 3306 dicitur

271 3347 287 3374 “
302 3337 453 3424 generale
466 3337 492 3419 ;''
532 3343 566 3402 ct
597 3336 766 3423 capellano
798 3336 996 3424 quicumque
1028 3340 1243 3407 celebraverit
1279 3340 1321 3406 ad

269 3443 431 3530 hospitale
476 3441 713 3521 infimorum,-
734 3464 838 3508 unum
872 3442 1034 3509 ferculum
1072 3446 1160 3530 quod
1200 3444 1323 3512 dicitur

271 3551 288 3581 ‘¹
303 3546 453 3634 generale
465 3545 489 3625 ;’'
523 3551 557 3611 et
587 3544 763 3610 heredibus
796 3545 907 3611 fratris
930 3543 1088 3611 Willelmi
1121 3548 1162 3612 de
1194 3545 1320 3614 Boruh-

270 3657 348 3715 tone
385 3671 489 3714 unum
524 3646 676 3736 generale
711 3653 746 3713 et
767 3647 859 3714 aliud
898 3648 1058 3714 ferculum
1088 3650 1176 3735 quod
1200 3649 1323 3717 dieitur

271 3753 484 3832 Eutremcsse,
508 3751 604 3837 quale
642 3749 822 3838 apponitur
858 3769 967 3818 coram
1005 3749 1164 3818 iratribus
1186 3752 1224 3817 in
1245 3773 1321 3820 con·

271 3860 383 3932 ventu,
399 3855 470 3920 sine
493 3853 584 3919 omni
599 3852 826 3919 diminutione.
872 3851 926 3918 Ne
940 3857 1052 3918 autem
1075 3852 1145 3921 haec
1167 3853 1350 3940 p1·ovisio,f.
1364 3879 1403 3929 11.

271 3957 434 4024 ordinatio
467 3962 502 4022 et
533 3956 713 4042 assignatio
743 3960 865 4032 nostra,
888 3975 947 4043 per
969 3954 1133 4022 malitiam
1156 3957 1321 4044 temporis,

271 4059 324 4124 vel
351 4082 409 4145 per
441 4058 658 4124 mutationem
681 4058 894 4144 praelatorum
916 4057 1028 4144 aliquo
1050 4063 1196 4145 tempore
1219 4061 1323 4146 possit

271 4164 402 4240 irritari,
427 4161 564 4228 eandem
587 4161 743 4227 uniformi
770 4181 906 4227 assensu
929 4167 964 4227 et
985 4160 1158 4228 voluntate
1181 4183 1323 4230 conven-

271 4273 326 4333 tus
359 4266 473 4344 nostri,
497 4265 604 4352 sigillo
635 4265 837 4331 humilitatis
870 4271 992 4331 nostrae
1023 4286 1091 4331 una
1117 4287 1191 4333 cum
1214 4267 1323 4354 sigillo

271 4369 406 4456 capituli
445 4369 550 4433 nostri
589 4367 744 4432 duximus
782 4367 1009 4433 roborandum.
1066 4367 1155 4434 vHeec
1191 4391 1266 4455 quae
1302 4389 1324 4434 a

271 4471 365 4539 nobis
399 4473 461 4536 sub
495 4471 609 4536 divino
638 4470 765 4555 judicio
797 4475 926 4536 statuta
956 4475 1044 4547 sunt,
1067 4471 1095 4535 si
1118 4472 1192 4556 quis
1214 4476 1322 4538 trans-

271 4577 372 4661 gredi,
396 4574 576 4660 infringero
608 4572 662 4638 vel
697 4573 872 4649 infirmare,
895 4595 954 4637 scu
985 4573 1096 4658 aliquo
1128 4573 1224 4639 ruodo
1247 4596 1323 4640 con-

271 4677 370 4744 traire
406 4673 627 4761 temptaverit,
650 4695 743 4740 reum
775 4697 808 4738 se
831 4675 963 4739 noverit
984 4679 1062 4739 ante
1085 4673 1148 4740 Dei
1172 4695 1323 4762 conspec-

271 4786 353 4858 tum,
377 4784 411 4844 ct
443 4801 463 4842 a
485 4777 738 4863 participatione
762 4776 923 4842 salutiferi
946 4778 1088 4863 corporis
1104 4785 1138 4843 ct
1153 4781 1323 4866 sauguinis
