3578 5808
533 889 731 958 snorsinuu
754 903 1077 956 usnunssusmusn.
1289 889 1332 952 33

281 1095 418 1174 Piltone‚
436 1095 540 1183 juxta
562 1095 850 1162 summonitionem
872 1096 1009 1182 prioris3
1030 1100 1066 1161 et
1087 1095 1151 1181 ipsi
1171 1095 1208 1161 d.
1225 1103 1260 1162 et
1281 1097 1331 1161 W.

281 1199 519 1284 abjuraverunt
559 1203 681 1264 terram
722 1198 764 1264 de
807 1196 1055 1284 Gykeneshulle
1091 1217 1190 1284 super
1229 1199 1332 1265 attare

282 1299 411 1366 Sanctae
436 1299 559 1379 Mariae,
582 1300 669 1387 quod
696 1298 760 1388 ipsi
793 1304 827 1365 et
858 1298 994 1365 heredes
1016 1320 1128 1365 eorum
1162 1299 1265 1365 nichil
1298 1301 1333 1363 in

280 1424 319 1470 ea
340 1403 430 1469 ultra
451 1390 650 1471 clamabunt.
696 1402 803 1482 Teste,
826 1406 886 1470 etc.

662 1627 741 1696 One.
766 1627 953 1698 CLXXIII.

585 1783 633 1850 De
655 1789 747 1850 terra
770 1783 810 1850 dc
839 1780 1033 1868 Wyleedcuc.

328 1924 442 1991 Sciant
465 1945 578 1990 onmes
600 1930 670 1992 tam
692 1924 798 1990 futuri
821 1945 919 2010 quam
951 1928 1128 2011 praesentes
1155 1923 1243 2009 quod
1275 1943 1334 2008 ego
1348 1936 1470 1988 crantor

283 2027 455 2105 Robertus‚
494 2027 557 2092 Dei
602 2027 711 2114 gratia
755 2027 857 2092 abbas
904 2026 1153 2103 Malmesburiae,
1192 2026 1334 2110 benigno
1347 2005 1501 2134 mesdeus

284 2129 399 2195 favore
422 2134 456 2194 et
482 2150 618 2194 assensu
649 2129 754 2194 totius
786 2134 967 2194 conventus
999 2128 1112 2206 nostri,
1136 2127 1277 2192 concessi
1301 2131 1335 2190 et
1348 2139 1484 2186 abborann

284 2233 360 2297 dedi
376 2231 528 2309 Radulfo‚
545 2231 718 2297 mercatori
735 2230 775 2296 de
791 2231 990 2316 Wichrigge,
1006 2236 1128 2296 terram
1151 2230 1192 2295 de
1206 2228 1335 2314 Wyles-
1347 2212 1464 2256 convent.

284 2334 376 2411 dene,
399 2354 498 2419 quam
523 2333 706 2400 Nicholaus
729 2334 770 2398 de
802 2333 958 2420 Ohapelle
984 2333 1127 2398 ecclesiae
1149 2337 1271 2398 nostrae
1294 2331 1335 2395 de

285 2436 423 2512 Piltone,
458 2437 494 2499 in
526 2435 630 2502 libera
662 2440 696 2499 et
733 2440 892 2521 perpetua
925 2435 1111 2512 elemosina,
1145 2456 1204 2519 pro
1236 2456 1270 2498 se
1302 2437 1336 2497 et

286 2559 387 2603 uxore
419 2559 479 2603 sua
510 2538 656 2616 donavit,
689 2537 866 2602 tenendam
904 2544 938 2602 et
975 2537 1162 2603 hahendam
1200 2536 1264 2600 sibi
1302 2541 1337 2599 et

285 2640 460 2706 heredibus
495 2640 563 2704 suis
596 2639 672 2724 jure
704 2638 902 2704 hereditario
914 2663 922 2720 ;
957 2639 1125 2704 reddendo
1148 2639 1189 2703 de
1221 2657 1335 2723 supra-

287 2744 377 2808 dicta
421 2748 508 2807 terra
545 2742 719 2807 annuatim
764 2741 913 2827 praefatae
951 2741 1095 2808 ecclesiae
1132 2745 1255 2806 nostrae
1294 2740 1335 2804 de

287 2845 417 2909 Piltone
434 2845 475 2909 vi.
492 2845 558 2922 sol„
575 2844 677 2930 priori
692 2833 817 2910 scilicet
835 2848 870 2910 et
884 2844 1041 2910 fratribus
1064 2844 1186 2908 ibidem
1210 2863 1337 2929 semper

285 2947 357 3012 Deo
379 2951 414 3011 et
437 2945 568 3013 Sanctae
591 2945 706 3012 Mariae
728 2946 956 3013 servientibus.
996 2945 1103 3022 Teste,
1127 2949 1187 3012 etc.

674 3180 752 3249 Gar.
778 3182 956 3251 CLXXIV.

576 3336 625 3402 De
647 3345 739 3404 terro
761 3338 802 3404 dc
824 3339 861 3405 lu
889 3337 1045 3425 Wcilcuye.

332 3476 494 3541 Omnibus
518 3475 643 3542 Christi
666 3477 819 3543 fidelibus
841 3479 884 3544 ad
908 3500 990 3565 quos
1013 3501 1157 3566 praesens
1179 3480 1338 3567 scriptum
1353 3489 1480 3554 amntby

286 3579 481 3666 pervenerit,
498 3578 663 3645 Walterus
687 3573 763 3645 nei'
776 3581 885 3666 gratia
914 3583 1016 3649 abbas
1039 3583 1282 3649 Malmesburiae
1304 3557 1487 3674 etffiffi„

286 3682 433 3767 ejusdem
464 3682 526 3748 loci
557 3687 740 3748 conventus
771 3684 911 3749 salutem
944 3689 1102 3750 aeternam
1127 3686 1162 3749 in
1186 3686 1338 3751 Domino.
1352 3691 1485 3756 werchay.

286 3785 430 3850 Noverit
463 3786 664 3851 universitas
697 3790 811 3852 vestra
840 3808 899 3853 nos
934 3788 1064 3853 dedisse
1087 3793 1122 3854 et
1144 3791 1339 3855 concessisse

286 3895 321 3954 et
354 3889 416 3954 hac
452 3889 607 3975 praesenti
642 3893 734 3955 carta
767 3889 974 3955 confirmasse
1014 3891 1094 3958 Lud.
1133 3891 1272 3957 Bussell'
1306 3898 1340 3958 et

286 3991 462 4056 heredibus
484 3991 552 4056 suis
580 4011 639 4077 pro
662 3990 799 4056 servitio
822 3996 856 4056 et
886 3992 1039 4078 homagio
1062 4015 1130 4072 suo,
1152 3998 1275 4059 terram
1298 3995 1339 4060 de

286 4095 320 4159 la
342 4092 503 4178 Welchay
536 4115 611 4160 cum
642 4094 861 4180 pertinentiis,
885 4116 985 4181 qnam
1017 4095 1125 4161 Adam
1159 4097 1200 4162 de
1230 4096 1339 4162 Ounte

284 4196 403 4272 tenuit,
435 4195 537 4261 libere
561 4201 596 4260 et
627 4196 747 4281 quiete,
770 4196 899 4284 integre
932 4203 966 4262 et
999 4197 1143 4284 pacifice,
1173 4199 1339 4264 reddendo

284 4297 461 4362 annuatim
493 4297 605 4362 domui
639 4302 761 4362 nostrae
793 4297 834 4362 de
857 4297 986 4363 Piltone
1021 4299 1103 4364 duos
1133 4300 1261 4378 solidos,
1296 4301 1340 4366 ad

284 4399 369 4465 duos
392 4399 551 4465 terminos
565 4400 654 4478 anni,
670 4400 802 4478 scilicet,
818 4401 861 4465 ad
884 4400 1007 4466 festum
1025 4400 1141 4468 Sancti
1168 4402 1339 4470 Michaelis

282 4503 344 4568 xii.
377 4503 459 4580 den,
492 4507 527 4567 et
558 4501 602 4568 ad
636 4501 761 4568 Pascha
793 4502 850 4567 xii,
883 4503 966 4581 den,
991 4525 1049 4589 pro
1081 4506 1171 4569 omni
1194 4507 1339 4572 servitio.

284 4605 359 4671 Nos
382 4611 495 4670 autem
526 4605 718 4692 praedictam
752 4611 874 4672 terram
909 4628 984 4672 cum
1016 4608 1226 4693 pertinentiis
1253 4610 1341 4675 dicto

282 4708 325 4772 L.
362 4711 398 4771 et
442 4705 618 4771 heredibus
655 4706 723 4770 suis
761 4707 1051 4773 warantizabimus
1082 4715 1196 4774 contra
1230 4731 1342 4776 omnes

281 4808 441 4961 homines
463 4813 498 4874 et
529 4807 678 4875 feminas.
737 4807 782 4873 Et
811 4812 851 4873 ut
880 4808 952 4875 haec
977 4815 1090 4876 nostra
1113 4811 1248 4878 donatio
1269 4819 1343 4879 rata

416 4914 457 4960 so.
1189 4930 1209 4977 0
