3526 5810
462 873 527 936 20¹0
716 847 915 935 anemonen
938 883 1259 935 mnmnumansn

462 1071 699 1137 successoribus
728 1071 858 1148 noctiis,
882 1071 1026 1156 dompno
1048 1069 1215 1136 Willelmo
1237 1068 1351 1135 abbati
1366 1069 1408 1133 de
1431 1063 1516 1130 Mal-

462 1173 635 1251 mesburia,
659 1177 694 1238 et
715 1172 861 1257 ejusdem
884 1173 948 1238 loci
970 1175 1158 1252 conventui,
1181 1179 1216 1238 et
1246 1191 1359 1238 eomm
1391 1189 1516 1234 succes-

463 1275 600 1352 soribus,
618 1280 692 1340 octo
713 1296 805 1342 acras
827 1280 862 1340 εὴ
875 1274 1050 1341 dimidiam
1065 1281 1162 1341 tenne
1185 1275 1319 1340 arabilis
1341 1274 1378 1337 in
1400 1291 1515 1357 campo

464 1377 500 1440 in
524 1377 560 1442 la
584 1378 788 1443 Rowemerca
822 1379 858 1442 in
879 1378 1075 1444 occidentali
1108 1383 1205 1463 parte
1229 1377 1320 1442 villae
1353 1376 1394 1440 de
1417 1373 1515 1437 Alin-

463 1479 549 1556 tone,
573 1500 713 1566 quarum
743 1485 809 1544 tres
831 1501 915 1546 acrae
938 1486 973 1545 et
1007 1480 1146 1546 dimidia
1174 1480 1289 1565 jacent
1310 1478 1354 1543 ad
1387 1482 1515 1562 portam

463 1584 505 1648 de
528 1583 735 1648 Fouleswike
757 1604 855 1668 super
889 1583 925 1648 la
950 1585 1095 1660 Bouana,
1119 1585 1264 1669 quinque
1298 1603 1381 1647 acrae
1413 1581 1449 1644 in
1481 1579 1516 1643 la

465 1686 675 1762 Remmia,
707 1707 781 1770 quae
819 1707 852 1750 se
887 1686 1074 1751 extendunt
1111 1707 1210 1771 super
1240 1705 1378 1772 gravam
1412 1688 1447 1746 εὴ
1479 1681 1514 1744 la

465 1785 656 1872 Homeroste
678 1786 719 1852 de
752 1786 969 1866 Fouleswike,
993 1789 1029 1852 in
1052 1787 1251 1853 escambium
1273 1807 1392 1852 novem
1425 1803 1516 1848 acra·

464 1913 537 1954 rum
568 1896 665 1955 terrae
700 1889 833 1954 arabilis
867 1891 903 1954 in
935 1912 1050 1976 eampo
1081 1890 1235 1956 orientali
1268 1896 1303 1954 et
1333 1889 1453 1952 bruera
1475 1887 1515 1951 de

463 1992 643 2071 Alintone;
665 2013 804 2077 quarum
837 1992 912 2058 duae
944 2015 1028 2058 acrae
1051 1997 1085 2057 et
1108 1993 1246 2057 dimidia
1272 1993 1386 2076 jacent
1419 2011 1517 2074 super

463 2094 613 2158 brueram
647 2093 681 2156 in
713 2099 808 2178 parte
839 2093 977 2160 australi
1011 2094 1052 2158 de
1076 2094 1244 2169 Heiwode,
1268 2094 1342 2157 duae
1375 2113 1459 2157 aerae
1481 2096 1516 2156 et

464 2197 603 2261 dimidia
625 2216 723 2281 super
756 2194 1035 2274 sehemeberewa
1065 2200 1132 2261 tres
1155 2218 1238 2261 aerae
1261 2217 1360 2281 super
1382 2193 1516 2258 Foulae·

464 2293 668 2370 wikeshulle‚
692 2315 760 2358 una
784 2315 859 2358 acra
877 2294 978 2379 juxta
1008 2301 1133 2380 septem
1158 2315 1248 2360 acrae
1271 2298 1367 2358 terrae
1393 2297 1514 2358 nostrae

463 2418 564 2482 prope
587 2395 623 2460 la
637 2393 751 2460 Broloe.
796 2395 1023 2460 Concessimus
1039 2398 1139 2462 etiam
1162 2396 1330 2482 praedictis
1344 2395 1459 2460 abbati
1482 2401 1516 2461 et

463 2499 640 2563 conventui
664 2503 698 2562 et
721 2517 832 2562 eorum
856 2498 1103 2575 successoribue
1126 2520 1185 2585 pro
1208 2498 1303 2562 nobis
1326 2504 1361 2562 εὴ
1391 2519 1515 2564 succes·

463 2600 590 2664 sonibus
612 2599 742 2674 nostrie,
766 2603 801 2662 et
826 2598 927 2664 etiam
956 2597 1147 2664 hominibus
1170 2600 1299 2676 nostrie,
1322 2598 1414 2664 illam
1444 2599 1515 2664 bre·

463 2701 570 2766 chiam
603 2722 702 2786 quam
731 2698 837 2764 Alicia
869 2700 903 2764 la
935 2700 1093 2766 Paumcre
1128 2701 1168 2766 de
1200 2701 1295 2765 nobie
1329 2701 1448 2779 tenuit,
1480 2701 1514 2764 in

463 2805 660 2869 escambium
685 2801 856 2867 duodecim
880 2825 1029 2870 acrarum
1052 2825 1136 2890 quae
1154 2803 1235 2869 dicti
1256 2804 1360 2869 abbas
1382 2809 1417 2868 et
1440 2824 1514 2868 con-

463 2912 583 2970 ventus
605 2905 796 2970 habuerunt
820 2903 855 2968 in
878 2907 1003 2991 eampis
1030 2906 1071 2971 de
1094 2905 1262 2984 Alintone,
1285 2927 1426 2992 quarum
1449 2928 1515 2972 una

463 3005 539 3072 acr'a
556 3007 646 3092 jacet
669 3027 770 3091 super
794 3004 830 3070 lu
853 3005 987 3086 Iouliola,
1009 3029 1077 3072 una
1098 3028 1176 3072 acra
1199 3014 1335 3072 vocatur
1359 3007 1512 3073 Heortee·

463 3131 544 3186 acre,
561 3109 635 3174 duae
650 3131 731 3176 acrae
744 3111 846 3196 juxta
860 3109 896 3174 lu
913 3111 952 3174 M
952 3109 1093 3176 ornithia
1116 3111 1150 3174 in
1167 3117 1307 3196 utraque
1330 3116 1432 3196 parte,
1448 3118 1515 3176 tres

464 3211 598 3296 perticae
628 3213 729 3298 juxta
751 3212 926 3289 Vernhale‚
950 3233 1018 3277 una
1041 3213 1168 3297 partica
1186 3213 1289 3298 juxte
1327 3213 1362 3278 la
1385 3213 1512 3278 Morti·

464 3313 539 3390 illie,
569 3335 637 3378 una
662 3335 739 3381 acra
767 3322 801 3381 et
828 3315 967 3381 dimidia
996 3336 1094 3400 super
1124 3313 1344 3401 Berforlonge‚
1376 3315 1514 3381 dimidia

463 3436 538 3480 aera
555 3417 658 3500 juxte
680 3418 771 3483 viam
805 3417 989 3492 Bathoniae,
1013 3437 1080 3480 una
1110 3437 1186 3480 acra
1208 3438 1308 3502 anper
1330 3415 1366 3481 la
1396 3417 1513 3483 Wala-

463 3516 661 3602 alestanno.
682 3539 758 3584 aera
790 3542 888 3606 super
911 3518 1083 3594 Vernhale,
1108 3540 1175 3582 una
1197 3539 1273 3583 acra
1304 3519 1513 3604 superviam

463 3617 644 3696 Bathoniae,
669 3619 742 3684 duae
764 3641 848 3686 acrae
871 3642 969 3706 super
996 3619 1032 3684 lu
1055 3619 1160 3685 Helle
1182 3620 1217 3683 in
1241 3625 1334 3705 parte
1361 3621 1514 3686 orientali

463 3718 552 3784 villae
585 3718 625 3784 de
648 3719 814 3786 Alintone.
861 3720 1088 3787 Concessimus
1111 3722 1210 3786 etiam
1245 3721 1367 3786 eisdem
1401 3723 1514 3788 abbati

463 3826 497 3884 et
519 3822 697 3886 conventui
721 3828 755 3900 et
778 3845 890 3888 eornm
914 3823 1162 3900 successoribus,
1184 3845 1244 3909 pro
1267 3824 1361 3888 nobis
1385 3830 1419 3889 et
1441 3846 1514 3890 sue·

463 3924 643 3988 caesoribus
675 3926 805 4002 nostrie,
837 3931 872 3990 et
905 3927 1005 3990 etiam
1040 3925 1228 3990 hominibus
1262 3927 1391 4002 nostrie,
1426 3927 1514 4012 quod

462 4023 525 4108 ipsi
549 4025 650 4088 abbas
673 4030 707 4089 et
730 4031 921 4102 conventus,
944 4032 979 4091 et
1006 4048 1117 4091 eorum
1140 4048 1345 4104 succensores,
1369 4027 1514 4094 habeant

462 4132 497 4188 et
519 4131 655 4190 teneant
688 4127 822 4212 pacifice
857 4128 1099 4214 imperpetuum
1135 4134 1238 4193 terras
1270 4151 1391 4208 omnen,
1426 4131 1513 4216 ipsos

462 4227 641 4312 dompnum
673 4229 825 4293 abbatem
858 4235 893 4294 et
926 4237 1125 4295 conventum
1148 4231 1384 4317 contingentes,
1407 4233 1442 4296 in
1479 4232 1514 4300 lu

462 4327 667 4393 Reaccmerao
690 4329 851 4415 imperto
874 4331 1011 4396 australi
1033 4354 1145 4418 gravae
1177 4354 1254 4410 auae,
1279 4339 1313 4397 et
1347 4333 1383 4398 lu
1405 4333 1513 4400 Hevro-

462 4428 563 4514 co’ofte
598 4429 639 4494 de
672 4429 890 4510 Fouleswike,
920 4436 954 4496 et
987 4432 1076 4518 ipsas
1107 4433 1378 4499 terracolaudant
1400 4441 1434 4500 et
1468 4436 1504 4501 in

460 4529 594 4594 defenso
628 4537 772 4609 teneant,
804 4554 967 4598 unacum
990 4533 1123 4599 brechia
1146 4534 1203 4599 illa
1235 4556 1309 4620 qum
1332 4534 1399 4600 fuit
1429 4559 1513 4622 prae-

460 4631 557 4696 dictie
580 4631 696 4698 Aliciae
728 4633 761 4696 la
793 4633 953 4698 Paumere
977 4635 1016 4700 de
1051 4635 1215 4712 Alintone‚
1252 4659 1326 4702 cum
1359 4639 1512 4704 omnibus

459 4733 631 4798 dominicis
677 4733 772 4800 tonis
810 4735 1042 4821 praedictmum
1084 4737 1214 4804 abbatis
1251 4744 1286 4803 et
1328 4745 1511 4806 conventus
