3578 5808
309 962 312 970 ἱ
424 869 467 936 90
676 889 874 939 nscrsreuu
898 887 1219 940 umunssuernusn.

421 1073 550 1149 terram,
574 1094 649 1138 cum
671 1074 859 1142 molendino
883 1082 916 1142 et
936 1076 1011 1141 aliis
1041 1077 1251 1162 pertinentiis
1274 1075 1350 1153 suis,
1375 1075 1472 1142 Petro

420 1174 460 1238 de
485 1173 685 1256 Semintone,
710 1179 783 1244 viro
805 1179 910 1264 ipsius
933 1179 1051 1256 Alinae,
1066 1181 1110 1245 ad
1125 1181 1231 1245 vitam
1254 1180 1358 1265 ipsius
1381 1178 1472 1243 Petri

419 1279 552 1341 tantum
587 1281 736 1360 concessi,
772 1280 799 1343 si
832 1281 938 1366 ipsam
970 1281 1104 1345 Alinam
1144 1280 1385 1366 supervixerit;
1414 1302 1472 1344 ex·

419 1383 515 1462 cepta
541 1379 617 1444 dote
644 1382 810 1466 predictae
827 1387 923 1448 terrae
948 1382 988 1448 de
1008 1383 1193 1448 Brohctone
1209 1404 1309 1468 quam
1325 1380 1349 1446 J
1350 1381 1470 1458 uliano,

419 1500 504 1545 uxor
536 1483 702 1567 quondam
735 1483 903 1572 Radulphi
934 1483 974 1549 de
1006 1485 1164 1569 pycwode
1196 1483 1342 1560 senioris,
1367 1488 1469 1560 tenet,

419 1604 492 1668 quae
520 1585 652 1670 quidem
676 1591 764 1651 terra
787 1587 827 1651 de
852 1587 1036 1653 Brochtone
1060 1593 1094 1652 et
1117 1587 1157 1652 de
1181 1587 1347 1672 pycwode,
1369 1607 1468 1672 quam

418 1688 507 1754 dieta
531 1686 667 1752 Juliana
693 1692 786 1752 tenet
812 1688 848 1752 in
881 1688 1000 1766 dotem,
1032 1689 1076 1753 ad
1110 1688 1284 1774 praedictos
1315 1685 1469 1752 abbatem

417 1796 452 1856 et
474 1794 673 1872 conventum
698 1796 773 1875 post
803 1790 971 1855 decessum
995 1790 1099 1876 ipsius
1133 1789 1156 1854 J
1159 1789 1279 1854 ulianae
1314 1790 1384 1854 sine
1410 1789 1469 1854 ali-

417 1913 483 1977 qua
509 1893 768 1958 contradictione
793 1897 998 1958 revertetur:
1021 1891 1210 1958 habendam
1233 1897 1267 1958 et
1290 1891 1468 1958 tenendam

415 2000 522 2060 totam
553 1994 744 2082 praedictam
778 2001 909 2072 terram,
945 2001 979 2060 et
1010 1999 1118 2060 totum
1145 1995 1341 2081 praediotum
1375 2000 1467 2060 tenc·

416 2102 564 2162 mentum
589 2096 629 2161 de
644 2097 791 2179 picwode
814 2103 849 2162 et
870 2097 911 2162 de
927 2095 1121 2174 Brochtone,
1146 2118 1221 2163 cum
1244 2096 1387 2174 dotibus,
1408 2096 1466 2163 do·

416 2198 532 2276 mibus‚
556 2198 713 2276 aedificiis,
737 2199 931 2276 redditibus,
954 2200 1110 2286 gardinis,
1127 2199 1330 2286 cmtillsgiis,
1345 2197 1466 2276 croilis,

417 2304 532 2387 pratis,
563 2300 726 2386 pascham,
751 2302 903 2386 pasturis,
939 2301 1053 2380 boscis,
1088 2300 1295 2378 molendinis,
1333 2301 1467 2388 stagnis,

415 2405 560 2482 vivariis,
584 2403 776 2470 tenentibus
797 2404 910 2470 liberis
934 2410 968 2468 et
983 2404 1095 2480 servis,
1120 2407 1287 2468 eteorum
1311 2402 1466 2479 serviciis,

415 2514 450 2572 et
472 2507 775 2584 consuetudinibus,
798 2513 929 2572 etcum
954 2507 1106 2572 omnibus
1140 2505 1215 2572 aliis
1240 2505 1345 2584 rebus,
1368 2506 1465 2570 liber-

415 2609 541 2674 tatibus
564 2615 598 2674 et
620 2608 732 2704 liberis
765 2609 1066 2686 consuetudinibus,
1101 2609 1143 2673 ad
1166 2608 1340 2693 praedictas
1363 2612 1466 2672 terras

414 2718 449 2776 et
494 2717 684 2777 tenementa
721 2712 762 2775 de
786 2711 933 2793 piewode
972 2716 1007 2775 et
1045 2711 1085 2776 de
1124 2710 1309 2776 Brochtone
1354 2710 1465 2795 aliquo

414 2814 511 2880 modo
534 2814 784 2900 pertinentibus„
818 2813 984 2898 praedictis
1008 2812 1122 2878 abbati
1154 2818 1188 2878 et
1221 2813 1399 2878 conventui
1431 2818 1466 2877 et

414 2939 525 2983 eorum
543 2916 790 2994 successoribus,
813 2917 913 2981 libere
937 2922 972 2981 et
987 2917 1107 3002 quiete,
1124 2917 1251 3004 integre
1267 2921 1302 2982 et
1323 2915 1464 3002 pacifice,

413 3021 484 3085 sine
507 3020 576 3086 ullo
599 3025 825 3085 retenemento
859 3019 1113 3105 imperpetuum,
1145 3020 1295 3086 faciendo
1330 3018 1465 3104 capitali

413 3123 546 3188 domino
569 3123 658 3188 feodi
673 3121 850 3186 servicium
867 3120 1015 3186 debitum
1033 3128 1068 3186 et
1090 3127 1284 3187 consuetum
1301 3141 1359 3207 pro
1382 3143 1465 3208 prae-

412 3225 509 3289 dictis
533 3225 629 3290 terris
653 3230 686 3288 et
709 3223 930 3301 tenementis;
956 3223 1113 3289 videlicet
1129 3245 1187 3308 pro
1211 3228 1401 3289 tenemento
1424 3224 1464 3288 de

411 3327 558 3410 picwode
587 3348 687 3392 unam
710 3325 828 3392 libram
852 3325 975 3411 piperis
998 3330 1033 3390 et
1055 3348 1156 3391 unam
1189 3326 1306 3391 libram
1339 3326 1463 3412 cymini

411 3428 453 3492 sd
490 3428 611 3494 festum
636 3429 752 3495 Sancti
791 3426 970 3504 Michaelis,
1016 3432 1050 3492 et
1093 3449 1152 3514 pro
1197 3433 1385 3493 tenemento
1423 3427 1463 3491 de

283 3615 288 3624 ι
411 3529 596 3596 Brochtone
631 3530 804 3595 duodecim
838 3529 988 3594 denarios
1019 3529 1063 3594 ad
1105 3530 1245 3595 eundem
1276 3529 1462 3594 terminum.

411 3633 456 3697 Et
478 3655 538 3720 ego
562 3632 732 3698 lohannes
754 3637 789 3697 et
815 3632 952 3698 heredes
975 3631 1041 3698 mei
1056 3637 1145 3698 totas
1171 3632 1346 3718 predictas
1361 3636 1464 3697 terras

410 3742 445 3800 et
468 3741 657 3801 tenemento
682 3735 722 3800 de
747 3735 894 3818 picwode
910 3740 944 3800 et
960 3735 1000 3800 de
1022 3733 1207 3801 Brochtone
1231 3757 1305 3800 curn
1321 3733 1463 3812 dotibus,

411 3839 571 3915 domibus,
583 3838 730 3914 edificiis,
740 3837 935 3914 redditibus,
950 3835 1107 3922 gordinis
1123 3837 1326 3923 curtillagiis,
1342 3837 1463 3914 croftis,

410 3941 522 4027 pratis,
556 3940 718 4026 paschuis
746 3940 899 4024 pasturis,
935 3939 1049 4016 boscis
1086 3939 1291 4017 molendinis,
1328 3941 1461 4026 stagnio,

410 4044 556 4119 vivariis
581 4042 775 4108 tenentibus
798 4041 910 4106 liberis
930 4047 964 4106 et
986 4041 1098 4118 servis,
1122 4047 1289 4107 eteorum
1316 4042 1463 4107 serviciis

410 4150 445 4211 et
464 4144 765 4220 consuetudinibus,
792 4149 826 4207 et
848 4164 924 4208 cum
942 4143 1016 4208 aliis
1039 4143 1192 4209 omnibus
1208 4144 1314 4221 rebus,
1329 4143 1462 4208 liberta·

409 4247 499 4313 tibus
524 4253 559 4311 ct
580 4247 692 4312 liberis
717 4245 1019 4323 consuetudinibus,
1042 4245 1086 4311 ad
1109 4245 1282 4332 praedictas
1305 4252 1408 4311 terras
1429 4250 1463 4309 et

409 4356 600 4416 tenements
623 4349 663 4414 de
687 4348 873 4414 Brochtone
896 4347 993 4413 etde
1028 4349 1174 4430 Diowode
1209 4348 1461 4434 pertinentibus,

409 4459 540 4518 etcum
564 4451 716 4516 omnibus
739 4450 813 4514 aliis
836 4450 934 4514 rebus
957 4454 992 4515 et
1014 4450 1182 4527 eschaetis,
1206 4472 1279 4536 quse
1303 4450 1384 4514 mihi
1408 4449 1462 4514 vel

408 4553 584 4620 heredibus
607 4554 688 4617 meis
712 4555 878 4618 occasione
906 4552 1137 4638 praedictarum
1172 4559 1334 4618 terrarum
1358 4558 1393 4617 et
1415 4557 1463 4616 te·

407 4662 637 4723 nementorum
672 4655 783 4740 aliquo
815 4655 912 4720 modo
940 4661 974 4720 et
1006 4655 1116 4740 aliquo
1149 4660 1296 4742 tempore
1327 4659 1462 4741 possent

408 4762 539 4828 evenire
563 4766 597 4825 et
630 4759 790 4835 accedere,
814 4758 980 4844 praedictis
1011 4757 1125 4823 abbati
1157 4765 1191 4823 et
1224 4757 1393 4824 monachis
1428 4764 1459 4824 et
