3566 5820
465 875 529 941 116
716 889 916 940 naursrsuu
939 888 1262 941 umnsssuursusn.

463 1084 536 1144 turn
552 1079 766 1146 clamavimus
781 1101 841 1166 pro
856 1079 951 1144 nobis
966 1084 1002 1145 et
1015 1080 1190 1146 heredibus
1204 1080 1325 1146 nostris
1342 1078 1515 1156 willelmo,

464 1181 527 1247 Dei
558 1183 667 1268 gratia
696 1182 810 1247 abbati
841 1181 1092 1261 Malmesburiae,
1116 1186 1150 1248 et
1177 1183 1323 1269 ejusdem
1354 1182 1417 1248 loci
1440 1203 1516 1246 con-

464 1285 589 1362 ventui‚
614 1289 722 1349 totum
748 1285 805 1370 jus
828 1289 862 1349 et
885 1284 1049 1362 elemium,
1072 1285 1161 1371 quod
1183 1285 1361 1350 habuimus
1391 1285 1427 1348 in
1451 1305 1516 1349 uno

466 1387 633 1472 mesuagio
655 1407 731 1452 cum
754 1385 958 1472 curtillegiis,
981 1392 1015 1452 et
1037 1387 1112 1452 aliis
1143 1387 1352 1472 pertinentiis
1383 1386 1451 1451 suis
1481 1386 1517 1448 in

465 1487 547 1554 villa
569 1488 610 1554 de
633 1487 884 1554 Malmesburia:
918 1488 954 1551 in
977 1488 1034 1552 illo
1057 1487 1213 1554 videlicet
1239 1489 1406 1576 mesuagio
1429 1487 1517 1573 quod

461 1590 552 1675 jacet
574 1590 757 1676 proximius
780 1609 875 1655 muro
897 1590 1028 1676 gardini
1051 1612 1172 1668 eorum,
1188 1591 1225 1655 in
1247 1596 1340 1676 parte
1356 1589 1516 1668 orientali,

299 1699 385 1752 uror.
465 1691 502 1756 in
524 1691 634 1758 viculo
656 1691 714 1757 illo
738 1693 795 1777 qui
817 1697 956 1758 vocatur
977 1693 1095 1773 Eutret,
1116 1713 1231 1758 versus
1258 1698 1388 1778 portam
1411 1693 1516 1758 orien-

465 1794 583 1860 talem:
607 1793 656 1862 ita
671 1794 759 1879 quod
782 1814 842 1861 nec
860 1815 921 1860 nos
943 1815 1004 1861 nec
1024 1793 1145 1880 aliquis
1166 1795 1325 1861 heredum
1340 1794 1393 1860 vel
1416 1793 1516 1880 assig-

464 1903 618 1963 natorum
644 1901 831 1962 nostrorum
857 1896 984 1983 aliquid
1005 1897 1062 1984 jus
1085 1899 1139 1964 vel
1162 1898 1271 1964 clamii
1301 1899 1338 1962 in
1360 1897 1518 1984 praedicto

464 2001 639 2086 mesuagio,
663 1999 857 2086 curtillagio,
880 2004 941 2065 aut
963 1999 1129 2085 aliquibus
1152 2000 1226 2065 aliis
1249 2001 1347 2066 rebus
1369 2000 1412 2064 ad
1434 2021 1516 2085 prae-

465 2101 591 2166 dictum
614 2101 818 2186 mesuagium
845 2101 1098 2188 pertinentibus,
1121 2099 1231 2187 aliquo
1253 2107 1400 2188 tempore
1423 2102 1517 2166 nobis

465 2203 639 2269 vendicare
669 2203 839 2289 possimus.
900 2203 945 2269 Et
967 2205 1004 2268 in
1026 2204 1253 2269 testimonium
1281 2204 1381 2290 hujus
1404 2204 1517 2269 remis·

466 2305 567 2371 sionis
588 2310 623 2372 et
638 2305 759 2391 quietae
782 2305 968 2372 clamentiae
991 2305 1053 2371 hoc
1076 2307 1235 2391 scriptum
1257 2306 1380 2372 eisdem
1403 2305 1517 2372 abbati

465 2413 499 2474 et
521 2409 701 2475 conventui
724 2408 862 2474 fecimus
885 2414 920 2474 et
943 2407 1059 2496 sigillis
1081 2409 1203 2474 nostris
1226 2409 1437 2495 signavimus.

445 2711 448 2719 .
879 2648 958 2716 Onu.
984 2645 1095 2715 OOLI.

465 2801 562 2870 iuter
586 2801 738 2870 abbatem
761 2801 1015 2870 nanneticae
1043 2811 1072 2870 a
1096 2800 1321 2889 Roudulsum
1346 2802 1385 2868 de
1409 2804 1517 2870 Porta

726 2911 756 2970 et
778 2905 994 2991 Mamurium
1017 2926 1158 2972 acumem
1181 2905 1261 2991 ejus.

511 3057 594 3124 Haec
628 3064 679 3124 est
716 3055 825 3123 finalis
863 3057 1036 3124 concordia
1073 3057 1161 3124 facta
1198 3059 1234 3122 in
1266 3056 1359 3122 curia
1391 3055 1517 3122 domini

465 3161 559 3247 regis,
594 3161 684 3247 apud
708 3159 874 3246 Wyltone,
905 3161 940 3224 in
975 3158 1100 3226 octabis
1132 3158 1375 3226 Purificationis
1405 3158 1516 3224 Beatae

466 3263 588 3340 Mariae,
616 3284 704 3328 anno
733 3263 827 3350 regni
858 3263 943 3349 regis
975 3261 1112 3327 Henriei
1143 3261 1205 3325 filii
1238 3263 1324 3348 regis
1355 3260 1516 3328 Johannis

467 3363 740 3450 quinquagesimo
787 3365 937 3441 secunde,
977 3384 1085 3430 coram
1133 3362 1295 3429 Nicholao
1332 3363 1373 3428 de
1412 3363 1516 3440 Turri,

466 3464 610 3532 Henrico
642 3464 682 3530 de
706 3465 899 3530 Monteforti
930 3465 970 3530 de
993 3463 1164 3552 Farnleye‚
1188 3465 1345 3552 magistro
1376 3464 1516 3531 Ricardo

465 3566 505 3632 de
530 3565 657 3644 Stunes,
673 3571 708 3633 et
724 3567 867 3633 Henrico
884 3567 924 3632 de
939 3566 1192 3644 Wollamntone,
1209 3567 1403 3653 justiciariis
1422 3567 1518 3632 itine-

465 3670 625 3748 rantibus,
649 3674 683 3736 et
706 3670 780 3735 aliis
803 3669 929 3735 domini
959 3669 1046 3756 regis
1068 3668 1220 3735 fidelibus
1251 3675 1332 3735 tunc
1354 3667 1402 3734 ibi
1433 3690 1515 3755 prae·

465 3771 622 3850 sentibus,
639 3771 726 3838 inter
741 3767 1001 3857 Randulphum¹
1020 3771 1061 3835 de
1077 3769 1312 3835 Malmesburia
1334 3775 1368 3835 eb
1389 3769 1517 3856 Marge-

465 3875 548 3940 riam
572 3896 707 3940 uxorem
727 3875 798 3960 ejus
821 3877 978 3960 petentes,
996 3877 1030 3937 et
1045 3872 1199 3938 abbatem
1220 3871 1260 3937 de
1285 3871 1518 3938 Malmesburia

465 3982 642 4056 tenentem,
658 3977 699 4042 de
715 3997 783 4042 uno
803 3975 970 4062 mesuagio
989 3997 1064 4042 cum
1080 3973 1291 4062 pertinentiis
1313 3975 1350 4039 in
1366 3975 1518 4042 Malmes·

465 4079 568 4157 buria,
592 4079 680 4143 unde
710 4077 871 4164 placitum
901 4076 966 4142 fuit
996 4077 1161 4142 intereos
1195 4077 1229 4140 in
1263 4077 1376 4142 eadem
1408 4077 1516 4142 curia:

466 4181 590 4246 scilicet
605 4180 693 4267 quod
716 4179 867 4266 praedicti
892 4178 1110 4264 Randulphus
1127 4183 1161 4242 et
1183 4179 1348 4265 Margania
1363 4199 1516 4265 recogno·

466 4288 588 4347 verunt
619 4283 815 4367 praedictum
853 4281 1057 4366 mesuagium
1091 4301 1166 4345 cum
1203 4281 1414 4365 pertinentiis
1448 4303 1516 4346 esse

462 4383 518 4468 jus
541 4383 645 4469 ipsius
668 4384 799 4450 abbatis
822 4389 856 4449 et
879 4383 1022 4450 ecclesiae
1053 4405 1121 4448 suae
1146 4381 1261 4448 Sancti
1283 4382 1454 4448 Aldhelmi
1477 4384 1516 4448 de

464 4485 706 4563 Malmesburia‚
738 4491 772 4551 et
800 4484 885 4550 illud
915 4486 1113 4550 remiserunt
1147 4490 1182 4550 et
1215 4485 1366 4570 quietum
1398 4485 1518 4552 clema·

464 4593 586 4653 verunt
611 4586 653 4653 de
680 4610 714 4653 se
746 4594 781 4654 et
812 4587 989 4654 heredibus
1020 4589 1124 4675 ipsius
1156 4588 1337 4674 Margarita,
1359 4587 1518 4674 praedicto

953 4817 961 4850 ¹
980 4817 1031 4870 Sic.
