3524 5808
443 889 508 956 336
696 903 896 953 nnursrsuu
919 901 1243 952 nmmmsuumnss.

442 1093 586 1158 Noverit
609 1092 809 1156 universitas
833 1096 946 1156 vestre
978 1111 1038 1155 nos
1061 1090 1255 1156 eoneessisse
1285 1089 1432 1155 Johenni
1456 1088 1497 1156 de

441 1195 626 1272 Bsunione‚
664 1213 763 1279 quum
806 1193 865 1258 diu
898 1193 1033 1270 vixerit,
1065 1193 1272 1279 mesuagium
1304 1193 1394 1278 quod
1431 1191 1498 1256 fuit

440 1295 606 1382 quendum
620 1293 784 1388 Johsnnis
808 1295 849 1360 de
865 1294 1012 1361 Gurdino
1035 1294 1071 1358 in
1094 1293 1176 1360 villa
1198 1294 1239 1360 de
1262 1294 1497 1371 Tuderintone

440 1420 515 1465 eum
549 1403 622 1466 iuis
652 1403 741 1464 terre
774 1419 848 1484 quse
882 1404 933 1464 esi
964 1398 1000 1462 in
1034 1398 1145 1464 elsuso
1178 1396 1267 1463 infra
1298 1397 1496 1484 praedieium

439 1502 654 1586 mesuagium,
688 1521 763 1567 uum
799 1500 943 1585 quodum
977 1499 1119 1586 pratello
1150 1499 1186 1564 in
1218 1499 1428 1566 Brokemede
1461 1505 1497 1565 ei

439 1602 608 1690 pediculis
631 1602 719 1692 pmii
734 1603 771 1666 in
786 1601 943 1680 Hemede,
959 1623 1034 1688 quse
1056 1601 1194 1667 fuerunt
1217 1601 1299 1667 dieti
1321 1601 1496 1679 Johsnnis,

439 1709 474 1770 ei
496 1717 555 1770 sex
576 1703 661 1770 seris
694 1707 790 1768 terrae
812 1703 950 1768 erabilis
980 1703 1017 1767 in
1039 1702 1164 1789 eampis
1196 1703 1238 1768 de
1260 1702 1493 1780 Tuderintene,

439 1827 580 1893 quarum
613 1825 681 1871 uns
702 1825 779 1872 uera
805 1805 897 1891 juset
919 1807 1008 1892 apud
1039 1806 1075 1871 lu
1105 1805 1268 1892 Wythiyes
1295 1806 1398 1892 juxis
1427 1811 1493 1870 ter-

439 1931 510 1975 mm
533 1906 674 1974 Wslisri
706 1907 737 1972 le
770 1907 865 1973 Forst
898 1907 991 1993 apud
1022 1906 1059 1973 lu
1080 1905 1215 1973 Messius
1245 1908 1348 1993 juxis
1370 1913 1492 1973 terram

439 2010 579 2077 Wslieri
610 2008 641 2074 le
665 2008 893 2089 Esk'udemor;
924 2009 1064 2074 dimidia
1086 2029 1163 2075 aere
1196 2009 1233 2072 in
1256 2009 1492 2095 Kyngeslonde

434 2114 537 2199 juxis
568 2118 690 2178 sermm
721 2111 886 2177 Johannis
920 2107 1129 2198 Kuylev'rey3
1163 2111 1304 2178 dimidiu
1341 2133 1419 2178 seru
1455 2112 1491 2177 in

439 2211 734 2298 Henricheforlong
761 2213 863 2298 juxis
896 2217 1018 2278 herram
1041 2213 1200 2278 Willelmi
1232 2213 1263 2279 le
1285 2213 1403 2298 Byke3
1424 2235 1491 2280 unu

438 2337 515 2382 nuru
544 2315 581 2379 in
615 2314 790 2380 Sinnedelf
820 2316 908 2380 inser
941 2319 1061 2381 terrum
1092 2315 1232 2381 Welieri
1265 2316 1490 2396 Eskudem0r3

438 2418 578 2483 dimidiu
614 2437 689 2483 scra
721 2418 824 2503 juxis
860 2421 984 2482 terrum
1020 2416 1187 2482 Johsnnis
1224 2418 1265 2482 de
1299 2417 1490 2497 Bnuniune;

438 2520 577 2584 dimidie
610 2539 685 2585 seru
707 2519 798 2605 apud
820 2517 992 2584 Foulmere
1022 2519 1124 2604 juxa
1146 2523 1269 2585 terrum
1292 2519 1426 2584 Riuudi
1448 2520 1488 2584 de

437 2618 689 2700 Wruskeshsle;
711 2641 779 2685 uns
801 2639 877 2686 seru
898 2621 935 2683 in
969 2619 1218 2706 Thounforlong
1244 2620 1347 2704 juxis
1368 2625 1486 2685 terrum

437 2723 600 2788 Johsnnis
618 2723 820 2810 Ksylewey3
845 2723 985 2788 dimidia
999 2743 1075 2789 sera
1092 2723 1195 2808 juxis
1217 2727 1340 2788 terrem
1356 2723 1487 2788 Redulfi

437 2828 478 2892 de
506 2827 680 2912 Beynione
692 2850 701 2908 ;
722 2827 759 2892 in
789 2826 903 2892 eodem
926 2825 1076 2911 {erlongo
1098 2825 1238 2891 dimidiu
1266 2845 1350 2892 seru
1402 2825 1485 2890 Red-

437 2927 545 2995 dendo
567 2928 645 2992 inde
660 2927 754 2993 nobis
775 2927 950 2992 annuatim
972 2928 1118 3013 quinque
1140 2928 1260 2993 solidos
1282 2929 1327 2993 nd
1349 2933 1487 3013 quatuor

436 3032 516 3096 anni
550 3031 709 3096 terminus
742 3035 913 3097 consuetos
945 3035 983 3096 ei
1011 3029 1161 3107 usitatos,
1183 3035 1218 3096 et
1250 3029 1399 3103 faciendo
1429 3051 1486 3116 pro

436 3134 531 3199 nobis
564 3153 664 3220 quum
695 3131 754 3197 diu
777 3132 903 3197 vixerit
935 3132 977 3197 de
1000 3131 1107 3196 tribus
1138 3131 1333 3218 septimanis
1363 3131 1400 3195 in
1421 3137 1485 3197 ses

436 3236 639 3323 septimanus
669 3240 791 3302 senium
825 3235 868 3301 sd
890 3233 1101 3299 hundredum
1132 3234 1173 3300 de
1196 3234 1429 3320 Bussopeston,
1451 3237 1484 3298 ei

436 3338 538 3404 etism
560 3337 779 3424 sequieisndo
811 3357 871 3402 nos
905 3337 946 3402 de
980 3337 1109 3402 duabus
1143 3337 1241 3402 sectis
1263 3337 1307 3402 sd
1341 3335 1482 3401 hundru-

435 3439 516 3504 dum
538 3441 579 3505 de
603 3438 713 3518 Calue,
738 3439 894 3504 videlieet
915 3439 960 3504 ud
981 3439 1015 3504 ln
1037 3437 1220 3524 Hoekedsy
1244 3443 1278 3503 et
1300 3439 1344 3504 sd
1366 3438 1482 3503 fesium

436 3539 551 3608 Sancti
585 3542 730 3608 Muttini.
777 3542 821 3606 Es
854 3541 883 3605 si
914 3542 1041 3607 ratione
1075 3539 1272 3606 defudisrum
1295 3559 1377 3626 quas
1398 3541 1482 3606 idem

434 3643 603 3711 Johennes
637 3643 751 3711 feeerit
773 3644 816 3710 ud
849 3643 1060 3709 hundredum
1095 3643 1136 3709 de
1168 3643 1410 3729 Bussopesione
1431 3642 1481 3708 vel

435 3749 478 3813 sd
501 3747 710 3812 hundredum
733 3747 773 3812 de
797 3745 908 3822 Calue,
931 3745 1075 3812 districti
1097 3745 1256 3811 fuerimus
1271 3745 1326 3811 vel
1348 3765 1481 3812 ammer-

435 3851 523 3928 ciuti,
561 3849 738 3936 praedietus
776 3848 945 3916 Johsnnes
978 3847 1128 3914 eoncedit
1157 3846 1245 3933 quod
1282 3868 1343 3912 nos
1376 3848 1480 3933 ipsum

435 3953 630 4038 distringere
664 3951 835 4038 possimus,
865 3955 935 4016 tum
967 3971 1027 4036 per
1057 3954 1162 4015 terras
1194 3969 1276 4034 quus
1314 3949 1354 4014 de
1391 3949 1482 4014 nobis

434 4061 535 4133 tenet,
570 4074 670 4138 quem
703 4053 787 4132 eliis,
810 4073 982 4139 quousque
1017 4051 1112 4116 nohis
1145 4051 1186 4115 de
1224 4051 1377 4137 dampnis
1411 4073 1480 4137 quse

433 4159 560 4224 ratione
595 4156 790 4222 defelisrum
824 4176 957 4222 suerum
992 4153 1246 4220 sustinuerimus
1268 4159 1303 4219 ei
1332 4154 1480 4220 habueri-

432 4284 514 4339 mus,
538 4261 633 4348 plene
656 4259 757 4325 fuerit
771 4257 984 4324 satisfactum.
1023 4256 1065 4321 In
1079 4257 1173 4342 eujus
1188 4257 1236 4322 rei
1258 4257 1481 4322 testimonium

432 4365 495 4430 hoe
526 4363 685 4449 scriptum
719 4361 916 4447 bipertitum
951 4360 1040 4423 inier
1069 4380 1129 4424 nos
1152 4363 1203 4423 esi
1225 4357 1419 4438 confectum,
1451 4365 1483 4424 ei

433 4464 550 4552 sigillis
582 4461 704 4528 nostris
737 4459 929 4526 sliemsiim
961 4461 1115 4547 appensis
1147 4461 1345 4526 roboratum.
1407 4460 1481 4526 Hiis

432 4565 582 4634 testibus.
