3578 5808
441 883 461 943 8
695 895 896 946 srmsrsun
920 892 1246 944 umnnssunrnsss.

405 1099 409 1106 ’
438 1082 500 1146 bus
522 1081 627 1168 igitur
648 1080 846 1146 auctoritate
869 1080 970 1167 hujus
992 1079 1142 1146 mandeti
1165 1098 1274 1144 corcm
1296 1077 1392 1142 nobis
1419 1097 1494 1142 con·

307 1196 384 1250 1611.
440 1183 578 1261 stitutis,
601 1189 676 1270 post
706 1183 828 1248 multas
858 1181 1087 1248 altercationes
1111 1185 1145 1246 et
1175 1179 1388 1265 allegationes
1418 1177 1496 1243 hinc

441 1287 519 1352 inde
542 1289 619 1372 post
640 1285 756 1371 posite,
771 1285 908 1350 tandem
923 1283 1146 1350 controversie
1160 1281 1249 1347 inter
1271 1281 1376 1348 dictos
1397 1279 1496 1345 ebbe

444 1395 512 1456 tem
534 1393 569 1452 et
591 1391 791 1453 concentum
814 1387 855 1453 (16
879 1386 1114 1452 Melmesburie
1129 1405 1171 1450 ex
1193 1405 1261 1451 unc
1283 1389 1377 1470 purte
1400 1387 1497 1458 moto,

444 1497 479 1557 et
501 1489 661 1556 Thornem
683 1491 724 1557 (16
740 1489 968 1556 Chelewrdem
983 1511 1026 1554 ex
1049 1488 1162 1566 eltera,
1178 1509 1277 1574 super
1299 1486 1496 1572 quibusdem

445 1594 541 1659 terris
564 1598 687 1659 temere
720 1593 882 1671 elienctis,
916 1613 959 1659 sc.
992 1591 1121 1656 duabus
1154 1590 1275 1668 croilis,
1311 1611 1386 1674 quae
1418 1593 1497 1652 sunt

444 1695 534 1781 apud
556 1695 694 1761 fractum
710 1693 870 1781 capellum
893 1695 934 1759 (16
950 1691 1203 1760 Choellewrdem
1226 1713 1301 1758 cum
1324 1695 1419 1776 preto
1441 1691 1502 1755 ed·

437 1797 581 1882 jccente,
604 1818 679 1882 quoe
703 1795 946 1864 Ohirchcrolbes
968 1795 1197 1882 appellentur3
1231 1799 1266 1858 et
1296 1813 1366 1860 uns
1396 1813 1498 1878 greve

438 1898 541 1984 juxte
563 1899 831 1986 Ohoellewrbem,
854 1919 931 1966 cum
965 1903 1061 1984 preto
1084 1897 1265 1983 cdjecente,
1289 1918 1363 1981 quae
1386 1895 1497 1959 Erme-

441 2022 543 2088 greve
564 2001 761 2087 appelletur,
783 2006 818 2066 et
839 2023 907 2067 uno
922 2005 1018 2087 preto
1041 1999 1131 2086 apud
1154 1999 1408 2076 Choelewrdem,
1424 2019 1497 2064 cum

391 2129 393 2134 ·
444 2104 542 2170 domo
565 2103 738 2190 adjacente
760 2104 850 2189 quod
880 2103 1053 2169 Horscroft
1078 2101 1275 2188 appelletur,
1298 2107 1333 2167 et
1354 2101 1498 2187 pasturis

442 2204 641 2286 dominicis3
678 2206 715 2270 in
756 2204 846 2272 hunc
884 2205 1019 2272 modum
1057 2203 1224 2270 amicabili
1262 2203 1497 2290 compositione

444 2307 594 2394 quievit:
633 2307 774 2385 Scilicet,
805 2308 893 2393 quod
927 2307 1105 2393 praedictus
1139 2306 1282 2372 Thomas
1316 2327 1413 2372 omne
1442 2305 1498 2390 jus

442 2430 549 2488 suum,
565 2409 653 2496 quod
669 2409 706 2474 in
721 2409 888 2495 praedictis
912 2409 1016 2488 terris,
1040 2409 1144 2496 pratis
1167 2414 1202 2474 et
1223 2407 1369 2494 pasturis
1391 2429 1425 2472 se
1440 2406 1497 2472 he·

441 2511 518 2577 bere
534 2512 672 2590 dicebat,
688 2511 787 2578 dictis
809 2511 924 2578 ebbeti
946 2515 981 2578 et
1003 2511 1184 2578 conventui
1199 2511 1240 2576 de
1257 2509 1498 2587 Mulmesburie,

442 2635 551 2682 corcm
583 2614 687 2692 nobis,
719 2635 779 2702 pro
810 2638 845 2682 se
877 2621 912 2682 et
945 2613 1123 2682 heredibus
1154 2613 1224 2680 suis
1256 2615 1498 2700 imperpetuum

441 2738 575 2803 prorsus
620 2717 748 2782 remisit
792 2723 826 2784 et
867 2719 1058 2804 resignavit,
1092 2722 1127 2782 et
1156 2717 1255 2783 tectis
1287 2715 1499 2782 sacrosanctis

442 2819 632 2906 Evangeliis
643 2819 870 2905 juramentum
890 2821 1101 2908 corpornliter
1115 2819 1282 2906 praestitit,
1304 2820 1394 2905 quod
1416 2841 1501 2884 nun-

442 2945 542 3009 quem
565 2923 782 3010 questionem
805 2923 858 2988 vel
885 2923 1141 2989 controversiam
1164 2922 1312 2987 movebit
1334 2921 1499 3007 praedictis

442 3027 557 3093 ebbuti
571 3031 606 3092 et
630 3026 809 3093 conventui
824 3025 865 3090 de
881 3025 1117 3091 Melmesburie
1131 3045 1230 3112 super
1252 3023 1499 3110 preenominetis

441 3128 539 3193 terris
570 3133 605 3194 et
635 3127 894 3213 possessionibus
925 3128 1092 3194 occasione
1126 3126 1265 3211 alicujus
1294 3126 1388 3211 juris,
1412 3124 1500 3211 quod

443 3235 571 3316 petrem
587 3251 684 3294 suum
708 3229 762 3294 vel
785 3249 819 3294 se
835 3229 871 3293 in
887 3229 933 3295 eis
955 3229 1076 3294 habere
1099 3228 1231 3294 dicebat
1243 3252 1251 3308 ;
1274 3232 1309 3292 et
1331 3227 1375 3292 ed
1397 3227 1499 3312 mejo-

444 3355 513 3398 rem
544 3333 786 3418 expressionem
809 3337 845 3398 61
879 3332 1082 3399 evidentium
1105 3331 1205 3417 hujus
1228 3329 1497 3408 renunciationis,

444 3434 675 3520 resignationis
707 3441 742 3500 ct
773 3435 983 3512 remissionis,
1007 3435 1230 3500 instrumente
1253 3435 1374 3520 quibus
1406 3457 1441 3500 se
1463 3434 1499 3497 in

444 3536 611 3622 prmdictis
634 3538 731 3602 terris
760 3537 818 3621 jus
840 3537 961 3603 hebere
984 3538 1124 3615 dicebat,
1148 3538 1185 3602 in
1207 3559 1325 3602 munus
1347 3557 1499 3623 prosme-

445 3639 526 3704 toris
548 3637 678 3704 cbbctis
701 3644 736 3704 et
758 3646 942 3706 conventus
957 3639 999 3704 (16
1025 3639 1260 3706 Melmesburie
1274 3660 1383 3706 coram
1405 3639 1499 3703 nobis

445 3741 635 3828 resignavit.
683 3740 748 3806 Pro
778 3741 841 3808 hcc
873 3747 987 3808 eutem
1020 3743 1220 3819 remissione,
1253 3743 1500 3810 renunciatione

444 3849 480 3910 et
500 3844 731 3932 resignatione,
754 3844 834 3910 dicti
866 3844 968 3910 abbas
1003 3850 1038 3909 et
1071 3851 1253 3911 conventus
1283 3843 1500 3910 (1611111166-

444 3948 541 4014 buris
563 3947 996 4024 661166666111111,(16(16111111,
1020 3954 1054 4012 et
1081 3953 1172 4014 certe
1203 3969 1264 4014 sue
1286 3947 1499 4014 confirmave-

444 4055 531 4128 runt,
554 4049 693 4136 praefeto
716 4048 851 4115 Thomae
874 4055 908 4114 et
931 4048 1106 4114 heredibus
1129 4049 1206 4127 suis,
1240 4054 1346 4116 totum
1378 4055 1498 4116 terrum

444 4173 543 4238 quern
566 4157 662 4238 puter
684 4173 763 4216 suus
786 4151 897 4218 tenuit
929 4151 965 4214 in
987 4152 1134 4218 monerio
1158 4153 1199 4216 de
1222 4149 1424 4217 Credewelle
1446 4150 1499 4215 die

443 4275 509 4339 que
531 4253 623 4333 obiit,
640 4259 674 4318 et
696 4258 802 4320 totum
818 4252 1007 4318 Rofleslund
1029 4253 1065 4317 in
1081 4252 1353 4331 Credehemfeld;
1376 4253 1500 4320 scilicet

443 4356 589 4441 quinque
612 4356 725 4420 dimisi
742 4355 888 4442 virgetcs
911 4361 1015 4433 terrae,
1039 4361 1073 4420 et
1096 4355 1188 4422 illem
1211 4355 1350 4422 nostem
1372 4357 1499 4442 integre

443 4480 518 4543 quae
541 4462 691 4524 estante
713 4463 844 4546 portem
867 4459 948 4524 dicti
971 4458 1105 4524 Thomae
1128 4459 1165 4522 in
1189 4457 1441 4540 Oheleswrdem,
1465 4463 1500 4523 et

443 4581 545 4628 unum
567 4581 676 4628 eorem
698 4561 787 4648 preti
810 4561 846 4626 in
869 4561 1072 4637 Credemore,
1088 4582 1163 4646 ques
1180 4559 1366 4627 Wodeeker
1388 4559 1499 4645 eppei—

443 4661 542 4740 lctur,
564 4669 598 4730 et
620 4685 721 4732 unum
743 4685 880 4752 gravem
913 4685 989 4731 cum
1021 4663 1134 4740 crofta,
1163 4663 1267 4750 juxte
1298 4663 1432 4730 boscum
1459 4662 1500 4726 de

443 4765 612 4854 Flusrige:
635 4767 812 4835 tenendum
835 4767 900 4832 sibi
932 4772 967 4832 et
1001 4765 1179 4832 heredibus
1212 4765 1281 4832 suis
1316 4765 1358 4832 (16
1381 4764 1500 4832 cbbcte
