3524 5808
531 915 730 967 REGISTRUM
754 915 1076 966 uanusssvnrsusn
1260 899 1323 965 331

278 1103 384 1180 stude,
407 1103 447 1170 de
470 1103 568 1170 feodo
591 1105 631 1171 de
656 1103 887 1188 Fouleswyke.
947 1103 1101 1170 Concessi
1134 1103 1234 1169 etiam
1265 1103 1327 1168 eis-

279 1203 354 1268 dem
384 1204 498 1271 abbati
529 1213 564 1271 et
586 1207 773 1282 conventui,
798 1211 967 1271 eteorum
1000 1205 1246 1280 successoribus,
1269 1225 1327 1268 an-

278 1325 382 1370 nuum
414 1307 579 1373 redditum
603 1329 661 1374 sex
685 1307 903 1382 denariorum,
927 1329 1024 1391 quem
1049 1307 1089 1371 de
1112 1305 1264 1372 Johanue
1287 1305 1328 1370 de

278 1405 484 1473 Slahtreford
507 1410 673 1496 percipere
690 1409 845 1473 consuevi
861 1409 896 1471 iu
912 1408 999 1473 festo
1017 1408 1131 1473 Sancti
1148 1404 1327 1480 Michaelis,

278 1529 337 1594 pro
372 1512 540 1597 mesuagio
575 1510 662 1596 quod
698 1517 790 1575 tenet
828 1511 864 1574 in
899 1510 1069 1595 Alyntone
1103 1511 1139 1574 in
1175 1507 1328 1573 orientali

278 1616 371 1694 parte
394 1613 555 1698 mesuagii
578 1613 727 1698 praedicti
751 1612 889 1678 Roberti
913 1611 1052 1690 Clerici;
1075 1617 1109 1676 et
1132 1613 1231 1677 etiam
1255 1609 1328 1674 red-

278 1712 388 1778 ditum
410 1735 558 1780 annuum
589 1715 730 1780 duorum
753 1713 931 1780 solidorum
955 1735 1052 1800 quem
1076 1714 1116 1778 de
1140 1719 1328 1779 tenemento

280 1813 437 1880 Willelmi
477 1815 670 1892 Luthersed‚
708 1816 796 1901 quod
835 1821 886 1881 est
923 1816 959 1880 in
997 1815 1191 1882 occidentali
1233 1820 1327 1901 pane

279 1918 441 2003 mesuagii
462 1919 612 2004 praedicti
636 1917 774 1984 Roberti
797 1916 925 1994 Clerici,
941 1919 983 1983 ad
1007 1918 1090 1984 duos
1112 1917 1191 1983 anni
1214 1917 1328 1982 termi-

279 2039 339 2082 nos
371 2020 537 2105 percipere
569 2019 734 2094 consuevi,
761 2019 918 2085 videlicet
951 2020 994 2085 ad
1028 2019 1151 2084 Natale
1182 2018 1326 2093 Domini,

278 2121 450 2187 duodecim
489 2122 650 2198 denarios,
681 2129 717 2188 et
749 2123 791 2187 ad
826 2121 947 2187 festum
986 2120 1121 2198 Pascha,
1156 2121 1327 2188 duodecim

279 2223 437 2290 denarios.
500 2224 666 2289 Habenda
695 2229 730 2289 et
751 2224 898 2289 tenenda
927 2224 1038 2289 omnia
1068 2222 1227 2311 praedicta
1253 2244 1327 2288 cum

280 2327 432 2390 omnibus
459 2326 671 2411 pertinentiis
701 2326 779 2402 suis,
801 2332 837 2390 et
859 2327 961 2391 etiarn
984 2347 1058 2391 cum
1082 2325 1248 2410 praedictis
1270 2347 1328 2389 an-

279 2428 355 2491 nuis
385 2428 570 2492 redditibus
600 2449 659 2492 sex
682 2427 893 2492 denariorum
917 2432 951 2491 et
973 2427 1112 2492 duorum
1140 2427 1328 2505 solidorum,

280 2534 314 2594 et
347 2550 422 2594 cum
454 2528 607 2593 omnibus
643 2528 804 2594 eschaetis
836 2549 910 2613 quae
943 2528 1025 2592 mihi
1056 2534 1117 2594 aut
1154 2527 1330 2594 heredibus

279 2630 361 2695 meis
383 2630 510 2696 ratione
533 2630 768 2717 predictorum
795 2651 982 2695 annuorum
1004 2630 1195 2696 reddituum
1217 2630 1329 2716 aliquo

279 2737 424 2818 tempore
447 2733 594 2799 accidere
616 2738 758 2819 possent,
775 2733 942 2818 praedictis
964 2733 1078 2799 abbati
1101 2739 1136 2798 et
1150 2734 1329 2799 conventui

281 2839 315 2898 et
338 2856 450 2900 eorum
481 2834 730 2911 successoribus,
753 2833 864 2911 libere,
887 2833 1007 2919 quiete,
1022 2835 1105 2900 bene
1128 2841 1162 2899 et
1191 2836 1228 2900 in
1251 2857 1330 2922 pace

280 2934 531 3022 imperpetuum.
587 2935 631 3000 Et
654 2958 713 3022 ego
734 2935 897 3001 Robertus
919 2941 954 3002 et
976 2936 1110 3001 heredes
1133 2938 1196 3001 mei
1221 2941 1329 3002 totum

279 3037 474 3122 praedictum
513 3037 727 3124 mesuagium,
762 3059 836 3104 cum
871 3038 1037 3122 praedictis
1069 3038 1263 3124 curtillagiis
1295 3045 1329 3102 et

280 3138 427 3224 gardino,
443 3145 575 3204 etcum
599 3139 765 3224 praedictis
788 3139 917 3203 duobus
940 3139 1096 3224 pratellis,
1115 3145 1149 3205 et
1172 3139 1329 3225 praedicta

279 3262 391 3328 grava,
414 3246 449 3306 et
470 3242 571 3308 etiam
598 3263 673 3307 cum
701 3241 869 3326 praedictis
901 3243 1021 3306 annuis
1053 3243 1238 3308 redditibus
1270 3265 1328 3308 sex
1412 3267 1414 3273 ¹

281 3342 490 3408 denariorum
525 3348 559 3409 et
593 3344 732 3408 duorum
770 3344 960 3420 solidorum,
998 3349 1032 3408 et
1066 3346 1219 3410 omnibus
1255 3346 1330 3410 aliis

280 3445 491 3530 pertinentiis
510 3446 587 3522 suis,
612 3445 779 3531 praedictis
805 3445 919 3510 abbati
945 3451 980 3510 et
1004 3449 1191 3522 conventui,
1218 3455 1252 3512 et
1276 3471 1330 3514 eo-

281 3567 355 3610 rum
379 3547 625 3624 successoribus¹
641 3552 757 3614 contra
771 3569 883 3612 omues
906 3547 1060 3612 mortales
1087 3549 1329 3635 imperpetuum

281 3649 579 3725 warantizabimus,
611 3649 875 3734 acquietabimus
910 3656 944 3713 et
981 3649 1203 3716 defendemus,
1265 3653 1329 3716 Pro

281 3750 343 3815 hac
376 3755 487 3815 autem
526 3750 705 3815 donatione
743 3756 778 3816 et
812 3749 1020 3816 concessione
1057 3773 1130 3816 mea
1168 3753 1330 3817 dederunt

282 3851 364 3916 mihi
387 3851 537 3939 praedicti
560 3851 663 3917 abbas
686 3858 720 3918 et
735 3859 918 3918 conventus
941 3853 1162 3938 praemanibus
1185 3855 1330 3940 quinque

282 3975 407 4019 mareas
430 3954 567 4039 argenti.
630 3953 674 4017 Et
697 3958 737 4017 ut
762 3953 833 4019 haeo
856 3954 990 4020 donatio
1016 3959 1051 4019 et
1073 3956 1236 4021 concessio
1258 3977 1332 4022 mea

283 4059 379 4126 firma
410 4060 454 4122 sit
486 4064 520 4124 ct
551 4058 689 4138 stabilis,
721 4059 807 4125 hanc
838 4063 962 4125 cartam
996 4061 1118 4125 eisdem
1150 4061 1263 4129 abbati
1297 4069 1332 4128 et

282 4165 461 4230 conventui
484 4165 555 4242 feci,
578 4171 613 4230 et
639 4187 712 4230 eam
735 4165 844 4252 sigillo
872 4188 945 4232 meo
968 4167 1106 4253 signavi.
1168 4167 1244 4232 Hiis
1267 4174 1332 4234 tes-

283 4266 382 4344 tibus,
405 4272 464 4332 etc.
