3526 5810
517 895 713 945 naors'rauu
738 875 1059 942 mmursstaruusn.
1251 875 1316 947 267

264 1095 299 1158 et
321 1091 357 1156 in
379 1089 513 1156 defenso
536 1091 674 1155 teneant
695 1087 948 1175 imperpetuum.
996 1079 1050 1152 Ita
1084 1089 1196 1152 tamen
1230 1087 1319 1173 quod

264 1215 332 1280 prae
356 1192 487 1258 defectu
509 1191 686 1258 clausturae
708 1189 744 1254 in
766 1188 935 1276 praedietis
958 1188 1055 1254 terris
1077 1187 1184 1266 saetae,
1206 1189 1320 1255 averia

265 1315 339 1360 mea
369 1294 425 1360 vel
446 1293 606 1360 heredum
636 1313 785 1358 meorum
807 1292 862 1358 vel
895 1291 1139 1378 assignatorum
1169 1313 1318 1360 meorum

266 1419 364 1483 super
386 1395 560 1484 praediotas
584 1399 689 1460 terras
711 1394 859 1472 inventa,
881 1413 949 1462 non
971 1393 1100 1480 possint
1122 1393 1319 1480 imparkare,

265 1521 326 1566 neo
348 1498 476 1584 aliquos
499 1497 653 1564 emendas
676 1517 792 1583 capere
814 1495 869 1562 vel
903 1496 1042 1583 exigere.
1090 1495 1134 1560 Et
1157 1496 1193 1560 in
1225 1496 1320 1562 testi-

267 1600 415 1668 mouium
437 1600 538 1686 hujus
561 1599 788 1684 concessionis,
802 1617 893 1676 meae,
915 1598 978 1664 hoo
1011 1597 1172 1685 seriptum
1195 1597 1318 1664 eisdem

266 1705 381 1772 abbati
403 1710 438 1771 et
459 1704 640 1771 conventui
662 1703 736 1782 feei,
760 1707 795 1770 et
825 1702 910 1767 illud
932 1701 1041 1790 sigillo
1072 1722 1146 1768 meo
1180 1702 1319 1790 signavi.

270 1808 347 1874 Hiis
369 1806 520 1886 testibus,
547 1811 606 1874 etc.

596 2046 676 2112 OAP.
701 2043 992 2113 CCCLXXXVII.

272 2195 377 2262 Gutta
399 2193 529 2262 abbatia
551 2201 582 2262 et
604 2200 784 2262 emovemus
817 2191 1071 2261 Molmmburtoe
1098 2193 1198 2282 foeta
1234 2193 1423 2261 Wutsaea.
1560 2150 1563 2156 Ι

504 2303 572 2364 tero
594 2295 635 2363 do
658 2296 693 2362 la
715 2297 817 2363 Porto
840 2295 880 2362 de
901 2293 1097 2362 Sclualclooe.

315 2444 490 2511 Universis
514 2444 639 2511 Christi
661 2443 816 2510 fidelibus
846 2465 989 2530 praesens
1021 2445 1180 2531 seriptum
1201 2445 1322 2510 visuris
1335 2456 1483 2508 Anunoer-

272 2548 324 2612 vel
356 2547 530 2624 audituris,
562 2545 749 2611 Willelmus
793 2545 856 2610 Dei
887 2547 996 2632 gratia
1032 2546 1135 2611 abbas
1172 2523 1491 2654 malmes‘ffikillpiolll

273 2650 386 2729 buriae,
410 2654 445 2714 et
467 2647 613 2734 ejusdem
636 2649 699 2714 looi
729 2652 919 2726 conventus,
943 2649 1083 2714 salutem
1106 2654 1264 2714 aeternam
1287 2649 1324 2713 in
1337 2655 1470 2708 hiemale.

273 2752 423 2818 Domino.
471 2750 559 2832 Quia
581 2751 748 2817 Walterus
771 2750 812 2816 de
835 2751 869 2816 la
884 2751 982 2817 Porte
1005 2751 1047 2817 de
1070 2750 1258 2817 Sohuldone
1281 2775 1323 2818 ex

273 2874 363 2919 mera
396 2852 595 2918 liberalitate
618 2873 678 2918 sua
707 2851 804 2918 nobis
839 2852 1006 2930 noncessit,
1033 2853 1122 2938 quod
1153 2852 1266 2920 decem
1289 2860 1324 2920 et

273 2961 347 3022 oeto
369 2977 461 3023 aeras
484 2959 581 3022 terrae
612 2976 672 3021 uos
695 2955 731 3020 in
762 2955 798 3020 la
820 2953 1026 3022 Rmoemerao
1057 2956 1095 3020 in
1127 2960 1222 3043 parte
1243 2977 1318 3022 aus-

273 3059 351 3124 trali
375 3065 410 3125 et
431 3057 586 3124 orientali
603 3056 644 3123 de
667 3056 704 3124 lo
728 3057 935 3143 Groaerofte¹
958 3059 999 3123 de
1014 3051 1225 3126 Fouleswike
1247 3081 1321 3126 oon-

272 3163 448 3249 tingentes,
470 3183 538 3228 una
560 3182 636 3228 oum
658 3160 824 3228 sexdecim
846 3160 930 3226 aeris
953 3165 1051 3228 terrae
1072 3160 1217 3240 arabilis,
1250 3184 1325 3248 quae

269 3265 382 3352 jacent
404 3265 493 3330 inter
522 3262 691 3330 brachium
722 3261 882 3328 Willalrni
913 3263 954 3328 de
985 3262 1166 3342 Leofstone‚
1200 3269 1234 3330 et
1267 3264 1324 3330 Jo-

273 3367 393 3434 hannis
415 3369 447 3434 le
470 3367 563 3453 King
585 3367 622 3430 in
645 3370 739 3453 parte
761 3364 908 3443 australi,
926 3370 961 3431 et
982 3366 1103 3432 orostas
1126 3367 1207 3432 Evae
1229 3367 1270 3432 de
1292 3367 1326 3432 la

277 3471 383 3536 Mersa
405 3471 441 3534 in
464 3473 559 3556 parte
582 3468 777 3554 aquilonari,
799 3468 835 3533 in
858 3467 993 3534 defenso
1018 3468 1197 3535 habeamus
1220 3475 1255 3536 et
1277 3474 1326 3534 te·

273 3593 409 3639 neamus
440 3572 693 3658 imperpetuum.
751 3571 806 3637 Ita
839 3577 952 3638 tamen
984 3573 1072 3659 quod
1104 3593 1173 3658 prae
1195 3573 1326 3638 defectu

273 3677 449 3742 clausturae
471 3675 585 3740 averia
607 3673 758 3760 praedicti
789 3673 930 3740 Walteri
954 3675 1168 3741 etheredum
1191 3697 1325 3741 suorum

274 3799 372 3865 super
394 3777 569 3864 praedictas
593 3783 696 3840 terras
719 3776 857 3842 inventa
879 3776 972 3841 nullo
995 3783 1141 3864 tempore
1164 3778 1326 3863 possimus

273 3879 470 3968 imparkare,
494 3899 554 3944 neo
587 3877 717 3964 aliquas
752 3878 907 3943 emendas
945 3899 1059 3964 capere
1091 3879 1145 3944 vel
1186 3880 1326 3966 exigere.

276 3984 349 4062 Sed,
372 3983 401 4048 si
424 4001 489 4068 quo
512 4001 589 4046 casu
612 3980 725 4045 averia
747 3979 898 4067 praedioti
932 3979 1071 4047 Walteri
1103 3987 1137 4046 et
1168 3981 1327 4048 heredum

275 4107 408 4152 suorum
440 4083 528 4149 infra
561 4087 666 4148 terras
700 4082 876 4168 praediatus
902 4104 962 4170 pro
996 4083 1129 4150 defectu
1151 4084 1328 4152 alausturae

277 4188 499 4264 inveniantur,
521 4185 681 4272 praedicto
704 4183 851 4251 Waltero
873 4189 909 4250 et
926 4185 1102 4252 heredibus
1125 4187 1193 4252 suis
1216 4187 1328 4273 quiete

277 4288 475 4366 liberentur,
499 4295 534 4353 et
567 4289 638 4352 sine
672 4277 912 4373 impedimento
938 4289 1044 4352 nostri
1076 4311 1133 4354 seu
1167 4310 1329 4356 suceesso-

277 4413 350 4456 rum
381 4397 569 4457 nostrorum
592 4387 801 4478 effugentur.2
846 4390 887 4454 In
910 4391 1005 4476 eujus
1028 4394 1076 4457 rai
1099 4393 1327 4458 testimonium

278 4495 340 4560 hoo
361 4494 519 4582 seriptum
542 4493 700 4580 praedicto
722 4493 870 4559 Waltero
895 4493 1040 4572 fecimus,
1063 4499 1098 4561 et
1128 4495 1212 4560 illud
1242 4517 1329 4562 oom-

280 4597 372 4662 muni
395 4597 503 4684 sigillo
525 4602 637 4663 nostro
660 4587 872 4684 signavimus.
920 4597 997 4662 Hiis
1020 4598 1168 4675 testibus,
1192 4603 1251 4663 etc.

469 4745 586 4752 --—-——-—

314 4820 321 4851 r
341 4819 392 4870 εἰς,
806 4815 811 4884 Ι
858 4817 872 4884 ἢ
886 4817 1040 4882 sfflperrtur]
1061 4817 1222 4881 effugientur,
1234 4818 1260 4868 iu
1271 4819 1328 4870 MS.
