3566 5820
444 899 508 963 194
694 914 891 964 saorsonuu
915 913 1236 966 uuuuasuunruusa.

443 1099 683 1165 Malmesburiae
710 1099 853 1165 infesto
876 1100 990 1166 Sancti
1012 1101 1193 1186 Augustini
1216 1107 1289 1166 oeto
1320 1101 1491 1180 denarios;

442 1209 477 1268 et
508 1204 695 1291 gardinario
727 1204 870 1269 abbatiae
894 1204 1145 1282 Medmesburiae,
1168 1206 1225 1290 qui
1252 1227 1312 1291 pro
1343 1210 1491 1292 tempore

442 1306 550 1382 suerit,
573 1307 948 1391 quatuordenarium
971 1307 1085 1371 eodem
1107 1307 1210 1386 festo;
1233 1313 1266 1371 et
1297 1307 1340 1372 ad
1363 1313 1491 1372 susten-

442 1409 602 1474 tationem
625 1409 754 1474 servioii
777 1409 889 1474 Beatae
912 1409 1026 1474 Mariae
1056 1410 1091 1474 in
1115 1409 1247 1475 ecelesia
1277 1410 1372 1476 Beati
1396 1409 1490 1475 Pauli

443 1511 483 1576 de
506 1511 748 1587 Malmesburio,
783 1511 955 1577 duodecim
991 1512 1141 1578 denarios
1164 1513 1206 1576 ad
1239 1517 1381 1598 quatuor
1411 1514 1489 1578 anni

442 1613 599 1677 terminos
630 1617 801 1677 consuetos
824 1617 858 1677 et
887 1613 1036 1690 usitatos
1059 1635 1118 1699 pro
1145 1615 1235 1678 omni
1270 1616 1407 1680 servicio
1441 1638 1489 1680 se·

442 1715 544 1782 oulari
576 1721 610 1780 et
633 1715 801 1780 demanda.
848 1715 911 1780 Pro
934 1716 996 1781 hae
1017 1723 1130 1782 autem
1153 1718 1330 1783 donatione
1353 1725 1388 1782 et
1414 1739 1487 1782 eon-

440 1819 583 1886 eessione
598 1822 719 1896 nostra,
734 1817 895 1884 dederuut
917 1819 1011 1884 uobis
1027 1819 1107 1884 dieti
1129 1820 1230 1884 abbas
1252 1825 1287 1884 et
1308 1827 1488 1885 conventus

440 1946 508 2009 prae
523 1922 683 2000 manibus,
700 1929 841 2008 quatuor
862 1943 987 1989 mareas
1002 1923 1139 2008 argenti.
1178 1925 1223 1988 Et
1245 1945 1304 1988 nos
1319 1924 1342 1988 J
1343 1923 1488 1988 ohannes

440 2033 474 2091 et
506 2026 667 2111 Margeria
698 2047 783 2090 uxor·
814 2047 894 2102 mea,
925 2034 960 2090 et
990 2026 1124 2092 heredes
1159 2029 1270 2102 nostri,
1293 2027 1487 2114 praedictum

439 2130 643 2216 mesuagium
677 2150 751 2194 eum
790 2129 941 2194 omnibus
975 2130 1185 2215 pertinentiis
1219 2131 1286 2194 suis
1324 2130 1487 2216 praedietis

440 2231 553 2296 abbati
576 2237 611 2296 et
642 2231 829 2308 conventui,
853 2237 1020 2296 eteorum
1056 2232 1292 2296 suecessoribus
1327 2232 1488 2318 imperpe-

440 2339 546 2412 tuum,
569 2338 684 2398 eontra
717 2354 829 2397 omnes
861 2333 1014 2397 mortales
1037 2333 1333 2398 warantizabimus.
1380 2333 1424 2397 Et
1450 2340 1488 2398 ut

440 2435 510 2500 haee
533 2435 667 2500 donatio
691 2441 725 2499 et
750 2436 912 2502 eonoessio
935 2441 1048 2500 nostra
1078 2437 1176 2500 robur
1199 2436 1430 2522 perpetuitatis
1453 2439 1488 2500 in

270 2549 290 2598 f.
303 2549 381 2598 aare.
440 2560 474 2602 se
496 2538 676 2622 optineant,
699 2536 785 2602 hano
808 2544 931 2602 cartam
962 2539 1083 2602 eisdem
1107 2539 1220 2603 abbati
1244 2545 1278 2604 et
1310 2541 1487 2604 conventui

438 2641 581 2716 fecimus,
605 2645 640 2704 et
662 2662 733 2704 earu
757 2639 874 2725 sigiliis
897 2639 1107 2725 signavimus,

820 2877 900 2943 CAP.
924 2877 1113 2945 CCCXXV.

481 3035 529 3100 De
551 3041 642 3100 terro
665 3032 839 3120 quorrdoru
868 3031 1003 3097 Wolteri
1026 3033 1065 3098 de
1089 3033 1123 3098 le
1148 3033 1239 3098 More
1261 3033 1301 3098 de
1324 3033 1446 3099 Inutile-

919 3142 1000 3200 tuoe.

268 3291 395 3357 Guntby
481 3275 596 3341 Sciant
629 3278 806 3360 praesentes
828 3278 863 3336 et
884 3272 989 3336 futuri
1022 3271 1109 3357 quod
1143 3293 1202 3357 ego
1236 3272 1485 3338 Bartholomeus

267 3357 404 3476 fflsslffssfew
436 3379 475 3444 de
498 3379 531 3442 la
553 3377 653 3451 More,
676 3375 778 3452 miles,
797 3375 882 3451 dedi,
903 3373 1054 3450 concessi,
1077 3378 1112 3438 et
1134 3373 1196 3439 hae
1218 3375 1373 3460 praesenti
1395 3381 1485 3440 carta

268 3491 299 3540 de
308 3491 420 3544 laMore.
434 3502 507 3546 mea
525 3479 724 3554 consumavi,
745 3479 781 3540 in
801 3476 937 3540 liberam
960 3498 1075 3562 puram
1098 3481 1131 3541 et
1154 3484 1344 3562 perpetuam
1367 3477 1484 3541 elemo-

434 3584 540 3647 sinam
563 3581 643 3658 Deo,
671 3587 706 3646 et
728 3579 872 3645 ecelesiae
892 3579 987 3644 Beati
1012 3577 1155 3642 Aldelmi
1179 3579 1220 3644 de
1243 3579 1484 3656 Malmesburia,

434 3692 469 3750 et
490 3684 623 3749 domino
647 3681 811 3747 Willelmo
843 3681 965 3760 abbati,
988 3687 1023 3746 et
1055 3680 1223 3746 monaehis
1255 3681 1377 3746 ibidem
1412 3682 1483 3747 Deo

434 3786 662 3864 servientibus
694 3789 799 3848 totam
834 3789 954 3849 terrem
989 3783 1089 3860 illam,
1122 3805 1197 3848 oum
1229 3785 1381 3850 omnibus
1415 3787 1483 3850 suis

434 3889 652 3977 pertinentiis
668 3909 742 3973 quae
765 3886 833 3951 fuit
855 3885 1031 3972 aliquando
1054 3886 1193 3951 Walteri
1217 3887 1313 3952 dela
1336 3887 1425 3953 More
1448 3889 1484 3952 in

435 3991 517 4057 villa
556 3993 596 4055 de
634 3989 829 4054 Lutletone:
866 3988 1051 4053 habendam
1091 3993 1125 4054 et
1163 3990 1340 4054 tenendam
1378 3994 1482 4054 totam

435 4095 626 4182 praedictam
665 4098 785 4157 terram
818 4112 892 4155 eum
930 4090 1091 4168 domibus,
1124 4091 1330 4177 curtillagiis,
1362 4092 1482 4168 crestio,

435 4197 546 4284 pratia,
578 4197 711 4283 pascuis
745 4200 779 4260 et
817 4193 969 4280 pasturis
1008 4199 1042 4259 et
1079 4194 1231 4258 omnibus
1268 4195 1343 4259 aliis
1377 4195 1482 4270 rebuS,

434 4299 644 4364 libertatibus
679 4303 713 4362 et
746 4297 858 4361 liberis
892 4296 1183 4361 consuetudinibus
1214 4297 1258 4360 ed
1292 4297 1481 4383 praedictam

434 4411 555 4468 terram
578 4399 809 4486 aliquomodo
838 4400 1091 4485 pertinentibus
1115 4399 1281 4484 praedietis
1312 4399 1426 4463 abbati
1448 4406 1483 4464 et

435 4503 621 4580 conventui,
643 4508 678 4568 et
708 4524 818 4568 eorum
849 4501 1095 4579 suceessoribus,
1126 4501 1234 4579 libere,
1258 4503 1378 4586 quiete,
1400 4503 1482 4567 bene

435 4609 528 4673 etin
560 4628 647 4692 paee,
681 4607 750 4670 eine
782 4605 851 4668 ullo
885 4605 1105 4669 retinemento
1139 4604 1391 4690 imperpetuum.
1437 4605 1482 4668 Et

435 4735 494 4801 ego
526 4709 782 4788 Bartholomeus‚
806 4713 840 4772 et
869 4707 1005 4773 heredes
1027 4713 1062 4772 et
1084 4707 1243 4796 assignati
1277 4707 1351 4785 mei,
1375 4711 1479 4774 totam
