3578 5808
445 853 487 919 42
707 869 906 920 namsraun
929 868 1250 922 umursuumausn.

449 1059 564 1122 ventui
590 1059 831 1125 Malmesburise
869 1067 989 1125 terram
1022 1083 1130 1125 meam
1159 1062 1193 1124 in
1219 1060 1408 1146 Westeport
1431 1082 1504 1146 quae

447 1165 584 1226 vocatur
608 1161 806 1247 Lukeputhe
829 1183 888 1248 pro
919 1163 1040 1248 viginti
1064 1163 1120 1228 sol.
1144 1163 1405 1249 esterlingorum‚
1423 1184 1503 1248 quos

445 1262 528 1326 mihi
552 1263 713 1335 dederunt
736 1265 824 1329 idem
855 1265 957 1329 abbas
981 1270 1015 1328 et
1038 1269 1220 1330 conventus
1248 1287 1316 1352 prae
1340 1265 1501 1330 manibus.

443 1363 546 1429 Istam
572 1371 692 1430 terram
716 1365 887 1431 habebunt
910 1373 945 1430 et
967 1367 1130 1431 tenebunt
1145 1367 1226 1433 dicti
1242 1367 1345 1432 abbas
1369 1372 1403 1432 et
1426 1389 1501 1432 eon-

442 1473 561 1530 ventus
585 1467 722 1532 liberam
748 1474 782 1531 et
806 1469 953 1552 quietam
987 1469 1031 1534 ab
1052 1469 1142 1532 omni
1178 1468 1314 1533 servitio
1348 1473 1383 1534 et
1405 1490 1500 1534 exac-

440 1570 538 1646 tione,
572 1571 843 1656 imperpetuum;
877 1571 926 1635 ita
960 1571 1047 1656 quod
1082 1592 1142 1636 nec
1176 1592 1236 1656 ego
1273 1593 1335 1636 nee
1365 1571 1500 1636 heredes

443 1672 506 1736 mei
530 1672 656 1757 aliquid
678 1673 714 1737 in
737 1695 776 1738 ea
799 1673 973 1738 vendicare
1004 1674 1184 1758 poterimus
1208 1673 1320 1760 aliquo
1343 1679 1499 1760 tempore·

441 1775 544 1840 Istam
569 1781 682 1841 autem
705 1781 835 1852 terram,
860 1797 920 1861 ego
945 1775 1071 1860 Symon
1094 1781 1129 1840 et
1151 1775 1287 1840 heredes
1311 1776 1377 1840 mei
1400 1776 1498 1842 dietis

442 1877 556 1942 abbati
603 1882 637 1942 et
681 1877 860 1942 conventui
901 1877 1191 1942 warantizabimus
1228 1881 1344 1942 eontra
1386 1898 1498 1942 omnes

440 1979 589 2044 homines
612 1987 646 2044 et
668 1980 815 2045 feminas,
863 1979 907 2042 Et
922 1985 961 2044 ut
983 1980 1054 2044 haec
1069 2000 1143 2043 mea
1158 1979 1306 2043 venditio
1330 1983 1364 2043 et
1386 1981 1498 2064 quieta

441 2079 595 2145 clamatio
630 2081 725 2144 firma
747 2081 791 2145 sit
822 2087 857 2145 et
889 2080 1017 2144 stabilis
1041 2084 1241 2166 permaneat,
1264 2079 1350 2146 hane
1373 2086 1496 2145 cartam

441 2184 487 2247 eis
509 2183 572 2250 feci
595 2189 630 2248 et
652 2184 797 2270 sigillum
823 2204 934 2248 meum
957 2184 1106 2269 apposui.
1152 2183 1229 2247 Hiis
1252 2183 1403 2259 testibus,
1426 2189 1484 2248 ete.

807 2513 889 2584 CAP.
913 2512 1107 2578 CLXXXV.

772 2677 934 2741 Deterret
957 2675 996 2740 cle
1019 2674 1148 2760 Clotlye.

485 2828 600 2893 Sciant
622 2833 799 2913 praesentes
823 2833 855 2890 et
878 2826 984 2890 futuri
1001 2824 1088 2910 quod
1105 2846 1164 2910 ego
1188 2823 1374 2889 Willelmus
1389 2824 1494 2889 frater

440 2930 572 2994 Radulfi
604 2930 720 2994 vicarii
755 2929 795 2992 de
841 2927 1087 3002 Hanekintone‚
1123 2948 1183 3011 pro
1221 2926 1328 2991 salute
1371 2928 1491 2992 animae

439 3055 529 3110 meae,
553 3033 629 3096 dedi
653 3038 687 3095 et
717 3031 780 3096 hac
811 3029 965 3115 praesenti
1000 3035 1092 3092 earta
1124 3029 1316 3094 confirmavi
1350 3028 1492 3094 ecelesiae

439 3137 479 3199 de
503 3135 744 3210 Malmesburia,
768 3141 801 3197 et
824 3132 970 3196 Johanni
994 3131 1107 3195 abbati
1124 3131 1268 3216 ejusdem
1293 3130 1490 3206 lenitatem

439 3245 557 3302 terram
583 3260 688 3302 meam
712 3237 747 3300 in
771 3233 930 3319 Olotleye‚
955 3234 990 3297 in
1013 3255 1129 3319 puram
1153 3241 1187 3298 et
1209 3239 1401 3318 perpetuam
1425 3233 1489 3298 ele·

437 3341 607 3414 mosinam,
641 3339 742 3402 libere
776 3343 810 3400 et
840 3335 950 3421 quiete
982 3335 1231 3420 possidendam
1258 3355 1357 3420 quarn
1381 3336 1490 3400 dietus

436 3441 631 3527 Radulphus
669 3442 771 3504 frater·
809 3461 901 3502 meus
940 3437 1033 3501 dedit
1071 3437 1153 3500 mihi
1191 3459 1250 3522 pro
1284 3438 1421 3502 servicio
1455 3445 1490 3502 et

435 3542 588 3629 homagio
611 3563 691 3607 meo,
742 3541 860 3605 Totam
888 3540 1012 3604 scilieet
1036 3545 1155 3603 terram
1180 3560 1254 3603 eum
1279 3539 1489 3623 pertinentiis
1509 3615 1512 3624 ,

435 3669 533 3733 quam
551 3647 648 3730 Sewy
664 3644 841 3709 Tauedust
856 3643 964 3707 tenuit
986 3642 1021 3705 in
1046 3641 1206 3727 Clotleye,
1230 3648 1264 3706 et
1285 3663 1390 3706 unum
1413 3641 1488 3706 lun-

435 3750 599 3814 dinarium
632 3769 706 3812 eum
730 3745 947 3832 pertinentiis,
970 3743 1058 3830 quod
1087 3744 1178 3830 jaeet
1208 3750 1323 3810 eontra
1354 3745 1486 3810 domum

434 3852 566 3916 Radulfi
589 3850 776 3926 Aldermau,
804 3854 838 3912 et
860 3869 959 3911 unam
983 3867 1089 3911 arram
1115 3846 1201 3932 prati
1225 3847 1260 3910 in
1284 3845 1488 3925 Credemore,

434 3977 507 4040 quae
531 3954 676 4040 pertinet
708 3951 751 4016 ad
774 3959 895 4013 temam
928 3949 1010 4012 dieti
1044 3948 1178 4012 Radulfi
1210 3949 1322 4013 fratris
1354 3949 1418 4014 mei
1450 3951 1487 4013 in

433 4055 713 4141 Thederingdone,
737 4074 835 4140 quam
860 4057 981 4116 terram
1005 4055 1099 4115 tenet
1132 4050 1220 4142 idem
1255 4049 1418 4115 Radulfus
1445 4052 1485 4116 de

432 4160 583 4224 Johanne
609 4156 722 4221 Scotto
750 4161 784 4219 et
815 4153 991 4218 heredibus
1015 4153 1083 4216 suis
1106 4158 1140 4217 et
1163 4151 1380 4237 participibus
1405 4151 1484 4217 dieti

431 4259 594 4325 Johannis
632 4257 762 4342 seriptis
798 4263 831 4320 et
866 4255 983 4341 sigillis
1014 4254 1217 4340 singulorum
1250 4254 1485 4319 confirmatam.

433 4363 539 4442 Quam
581 4361 680 4423 etiam
730 4363 885 4422 tenentur
923 4356 1004 4421 dicti
1043 4353 1205 4420 Radulfus
1243 4360 1278 4419 et
1315 4354 1483 4421 «Iohannes

433 4465 572 4540 Scottus
596 4469 665 4526 tam
700 4467 798 4538 carta,
832 4481 931 4544 quam
965 4457 1269 4523 confirmationibus
1301 4457 1378 4534 suis,
1401 4457 1483 4522 mihi

431 4574 465 4632 at
487 4565 662 4630 heredibus
685 4563 766 4626 meis
798 4562 1021 4638 warantizara
1047 4561 1101 4624 vel
1135 4560 1188 4624 eui
1223 4559 1357 4624 voluero
1391 4560 1483 4626 illam

429 4670 602 4757 assignare,
625 4667 762 4732 liberam
786 4671 820 4729 et
842 4665 987 4750 quietam
1011 4665 1054 4728 ab
1086 4663 1175 4728 omni
1208 4662 1346 4728 servicio
1369 4669 1404 4727 et
1425 4663 1481 4728 ds·

429 4773 551 4840 manda
565 4771 608 4836 ad
624 4769 749 4838 dietum
772 4766 953 4833 Radulfum
970 4766 1024 4832 vel
1040 4765 1176 4831 heredes
1192 4786 1267 4831 suos
1283 4766 1479 4852 pertinente,
