3526 5810
506 889 509 894 ·
540 891 739 941 nnorsrnun
761 889 1083 938 maaunsnunmnss.
1272 875 1332 938 301

286 1078 321 1137 et
342 1075 517 1161 assignatis
540 1076 621 1140 meis
644 1076 896 1162 imperpetuum,
920 1075 990 1140 Deo
1013 1081 1048 1139 et
1070 1073 1213 1140 eeclesiae
1245 1071 1335 1136 beati

287 1175 456 1241 Aldhelmi
479 1176 520 1242 de
551 1176 792 1253 Malmesburia,
816 1181 851 1240 et
881 1175 1028 1260 ejusdem
1051 1175 1114 1243 looi
1149 1173 1337 1252 conventui,

286 1281 392 1342 totam
425 1283 546 1346 terram
584 1278 676 1344 illam
714 1300 813 1364 quam
847 1277 1033 1343 Willelmus
1072 1277 1105 1343 la
1142 1277 1263 1362 Wayte
1297 1275 1338 1340 de

288 1376 503 1465 Chippeham
527 1385 561 1445 et
585 1379 709 1444 Editha
732 1402 817 1445 uxor
840 1379 919 1465 ejus,
954 1380 1120 1466 praedietis
1152 1379 1266 1445 abbati
1303 1381 1338 1442 et

286 1482 466 1546 conventui
498 1481 668 1559 dederunt,
692 1486 931 1558 oonoesserunt,
953 1485 988 1546 et
1015 1485 1106 1547 carta
1128 1501 1188 1545 sua
1220 1477 1338 1546 confir·

288 1590 471 1661 moverunt,
502 1584 539 1648 in
560 1583 727 1650 territorio
759 1585 799 1649 de
833 1583 1033 1670 Kyngtone:
1071 1583 1234 1660 videlicet,
1258 1581 1339 1647 duo·

288 1685 393 1750 deoim
416 1705 506 1752 aeras
522 1691 620 1752 terroe
642 1706 717 1771 quae
740 1689 820 1750 sunt
842 1685 879 1749 in
901 1684 1006 1752 oroila
1028 1685 1089 1750 illa
1103 1707 1178 1771 quae
1199 1688 1339 1750 voeatur

290 1785 537 1872 Kynneswyke,
569 1793 711 1873 quatuor
742 1807 833 1852 aeras
860 1792 894 1852 at
918 1809 1018 1853 uuam
1051 1788 1208 1872 pertioam
1240 1792 1338 1852 terrae

286 1887 322 1951 in
344 1909 412 1953 una
434 1889 549 1966 crofta,
572 1889 660 1954 inter
681 1889 820 1954 eandem
845 1889 983 1954 orostam
1007 1894 1041 1954 et
1066 1887 1207 1954 oroftam
1231 1908 1338 1952 meam

284 1989 321 2052 in
343 1996 436 2075 parte
460 1991 613 2056 orientali
629 1990 789 2076 mesuagii
805 1991 881 2068 mei,
905 1997 1048 2076 quatuor
1069 2011 1162 2056 aeras
1185 1995 1219 2055 et
1242 1989 1339 2054 dimi-

285 2091 374 2155 diam
397 2091 433 2155 in
456 2113 524 2157 una
539 2092 646 2157 oroita
663 2091 765 2177 juxta
788 2091 960 2176 Heywode
976 2091 1012 2155 in
1028 2096 1122 2177 parte
1145 2090 1340 2156 occidentali

285 2195 445 2281 mesuagii
483 2195 557 2272 mei,
589 2202 625 2260 et
655 2216 757 2259 unam
791 2215 900 2260 aeram
939 2199 1034 2260 terrae
1072 2195 1107 2257 in
1146 2215 1260 2280 eampo
1299 2193 1340 2257 de

288 2293 468 2381 Kyngtone
487 2295 589 2381 juxta
612 2295 701 2360 viam
725 2295 900 2361 Bathoniae
923 2295 959 2359 in
974 2301 1068 2381 parte
1091 2295 1277 2380 aquilonari
1299 2295 1340 2358 de

288 2395 467 2481 Heywode‚
502 2403 602 2484 prout
639 2398 675 2461 in
710 2403 801 2466 oarta
838 2397 1072 2482 praedictorum
1110 2397 1269 2470 Willelmi
1307 2404 1341 2463 et

288 2497 421 2565 Edithae
455 2499 621 2585 praediotis
656 2499 770 2564 abbati
800 2504 835 2564 et
868 2500 1047 2564 conventui
1079 2499 1156 2564 inde
1193 2501 1342 2568 confecta

288 2601 419 2686 plenius
441 2603 650 2667 continetur:
684 2601 871 2666 habendam
905 2607 940 2667 et
972 2603 1150 2667 tenendam
1174 2623 1249 2668 oum
1272 2625 1341 2668 om·

288 2701 386 2766 nibus
408 2703 619 2787 pertinentiis
642 2703 711 2766 suis
733 2702 774 2766 de
797 2702 938 2766 dominis
962 2703 1043 2767 meis
1066 2702 1186 2768 abbate
1208 2709 1244 2768 et
1266 2724 1341 2768 oon·

289 2809 392 2868 ventu
432 2804 621 2881 Glastoniae‚
653 2803 821 2890 praedietis
858 2802 973 2868 abbati
1011 2809 1046 2868 et
1083 2805 1262 2870 conventui
1300 2806 1341 2870 de

289 2903 531 2982 Malmesburia,
547 2910 710 2970 eteorum
733 2904 980 2984 suecessoribua
996 2905 1032 2968 in
1054 2904 1200 2983 liberam,
1224 2928 1341 2992 puram

288 3012 323 3070 et
344 3011 538 3092 perpetuam
560 3005 772 3071 elemosinam
792 3005 1045 3092 imperpetuum.
1092 3007 1217 3072 Ramisi
1240 3009 1341 3073 etiam

288 3113 323 3173 et
345 3109 495 3193 quietum
518 3107 667 3185 clamavi,
692 3129 752 3193 pro
775 3129 827 3172 me
851 3113 886 3172 et
909 3108 1085 3174 heredibus
1108 3116 1143 3175 et
1165 3110 1342 3197 assignatis

288 3210 370 3274 meis
403 3211 655 3298 imperpetuum,
688 3209 854 3295 praedictis
883 3209 998 3276 abbati
1030 3216 1065 3276 et
1097 3213 1277 3278 eonventui
1308 3218 1343 3278 et

288 3333 401 3377 eorum
423 3311 673 3389 successoribus,
699 3331 850 3376 annuum
882 3310 1050 3376 redditum
1082 3312 1182 3377 unius
1214 3313 1341 3379 denarii

289 3434 386 3500 quem
420 3435 442 3480 a
463 3413 629 3500 praedietis
651 3412 816 3478 Willelmo
850 3418 886 3480 et
908 3412 1032 3481 Editha
1061 3415 1234 3480 annuatim
1268 3422 1442 3506 per-mar.

288 3515 395 3602 cipere
417 3515 582 3594 consuevi,
606 3520 641 3580 et
664 3515 765 3581 etiam
798 3515 907 3602 regale
937 3515 1114 3582 servicium
1137 3518 1226 3603 quod
1258 3517 1341 3584 mihi

289 3616 397 3684 faeere
418 3621 663 3685 consuevenmt
685 3638 745 3703 pro
776 3623 864 3682 terra
886 3617 1052 3704 praedicta
1099 3620 1154 3684 Ita
1170 3621 1259 3705 quod
1282 3642 1343 3688 neo

289 3741 349 3806 ego
379 3740 440 3786 neo
470 3719 592 3805 aliquis
623 3719 782 3786 heredum
815 3720 870 3785 vel
906 3721 1148 3807 assignatorum
1186 3744 1342 3802 meorum,

289 3822 424 3907 aliquod
441 3823 499 3908 jus
522 3821 576 3886 vel
599 3821 755 3887 olamium
777 3822 814 3886 in
837 3827 910 3888 tota
930 3822 1089 3908 praedicta
1110 3830 1208 3903 terra,
1230 3824 1284 3892 vel
1306 3827 1343 3891 in

289 3924 447 4010 pmdicto
470 3923 603 3989 redditu
626 3924 726 3988 unius
753 3923 890 4002 denarii,
912 3945 970 3989 seu
994 3925 1029 3988 in
1060 3926 1218 4011 praedioto
1240 3929 1343 4016 reguli

289 4025 546 4099 servicio,'nobis
568 4024 679 4110 aliquo
701 4030 849 4111 tempore
873 4026 1055 4105 vendicare,
1070 4049 1131 4093 nea
1153 4028 1343 4116 homagium

289 4149 346 4193 seu
369 4128 603 4204 feodalitatem‚
627 4149 687 4192 neo
709 4127 837 4212 aliquid
859 4127 950 4193 aliud
976 4130 1145 4196 mundiale
1168 4133 1343 4197 servicium

288 4231 332 4296 ab
354 4229 475 4295 eisdem
499 4229 620 4294 abbate
636 4234 671 4294 et
693 4235 868 4306 conventu,
891 4231 944 4295 vel
960 4253 1072 4297 eorum
1096 4234 1343 4311 successoribus,

289 4332 419 4419 exigere
442 4332 612 4418 possimus.
659 4331 726 4397 Sed
748 4353 809 4418 ego
832 4337 867 4396 et
888 4332 1024 4399 heredes
1047 4339 1082 4398 et
1096 4336 1255 4422 assignati
1278 4336 1343 4400 mei

288 4434 463 4519 praedictos
486 4433 642 4498 abbatem
665 4438 700 4497 et
722 4439 922 4499 conventum
946 4440 980 4500 et
1002 4457 1115 4500 eorum
1136 4459 1344 4515 suoeessores,

288 4536 329 4601 de
367 4535 520 4601 omnibus
558 4534 716 4613 serviciis,
754 4536 1057 4613 consuetudinibus,
1104 4538 1342 4616 exactionibus,

287 4638 385 4703 saetis
407 4637 605 4703 omnimodis
620 4641 655 4702 et
676 4637 830 4702 omnibus
845 4637 919 4702 aliis
934 4639 1114 4717 demandis,
1137 4661 1343 4728 quocumque

286 4741 384 4806 modo
416 4740 605 4827 exigantur,
636 4761 692 4805 seu
728 4745 932 4818 oenseantur,
969 4742 1097 4806 ratione
1133 4749 1227 4808 terrae
1260 4765 1343 4830 prae-

287 4842 397 4919 diotae,
419 4863 477 4907 seu
500 4841 630 4909 servioii
654 4842 813 4928 praedicti,
836 4847 952 4908 eontra
974 4865 1087 4910 omnes
1106 4845 1259 4911 mortales
1290 4869 1343 4914 aa·
