3524 5808
531 883 729 934 nemereus
752 877 1074 932 nsnussenmnsss.
1263 860 1326 926 341

277 1055 503 1138 tenementum
534 1073 603 1139 fuit
636 1073 815 1159 aliquando
839 1071 996 1137 Willelnri
1026 1071 1057 1135 le
1080 1069 1203 1146 Portet,
1226 1069 1327 1133 situm
1341 1067 1481 1184 gffiffir

276 1174 313 1239 in
347 1196 467 1263 magna
497 1181 603 1242 strata
634 1197 676 1242 ex
706 1174 857 1262 opposito
887 1174 1020 1262 capellee
1045 1173 1202 1239 Omnium
1227 1173 1327 1238 Sanc·
1340 1201 1463 1252 deustoke

276 1279 393 1343 torum.
458 1278 658 1345 Habendum
696 1281 731 1343 et
768 1277 948 1342 tenendum
987 1279 1095 1340 totum
1131 1273 1327 1360 praedictum
1340 1267 1434 1333 priory.

277 1384 503 1447 tenementum
534 1401 609 1448 cum
643 1381 715 1446 toto
747 1377 932 1466 curtillagio
969 1377 1149 1462 adjacente,
1182 1381 1216 1442 et
1253 1398 1328 1442 cum

277 1483 431 1550 omnibus
463 1482 538 1550 eliis
572 1479 781 1570 pertinentiis
816 1481 893 1560 suis,
915 1479 1082 1567 praedictae
1106 1478 1255 1545 Metildse
1285 1481 1329 1545 ed

276 1583 456 1652 terminum
478 1585 560 1654 vitae
582 1608 651 1653 suae
674 1585 785 1664 libere,
808 1584 920 1671 quiete
942 1586 976 1649 et
998 1583 1135 1670 integre.
1176 1581 1329 1647 Redden-

277 1689 319 1754 do
342 1689 420 1755 inde
441 1688 615 1755 annuatim
646 1685 843 1775 pitanciario
872 1689 986 1752 nostro
1009 1683 1065 1772 qui
1096 1704 1156 1771 pro
1182 1689 1328 1771 tempore

276 1789 378 1857 firerit
400 1791 512 1858 decem
535 1789 656 1858 solidos
679 1790 723 1856 ed
745 1795 888 1877 quatuor
909 1788 989 1856 enni
1019 1787 1177 1854 terminos
1200 1787 1328 1854 debitos

278 1897 313 1959 et
343 1894 484 1980 usitatos
496 1918 505 1976 ;
538 1899 573 1960 et
604 1894 706 1982 priori
737 1895 777 1960 de
801 1891 1047 1960 Bretlenestoke
1078 1890 1250 1958 duodecim
1273 1892 1328 1956 de-

278 1997 388 2062 narios
418 1997 462 2064 sd
493 1995 615 2064 festum
642 1996 757 2064 Sancti
780 1997 960 2077 Michaelis,
983 2017 1043 2083 pro
1077 1995 1168 2061 omni
1191 1995 1329 2062 servicio
1455 2031 1457 2036 ·

277 2099 416 2166 seculari
449 2103 484 2166 et
506 2099 677 2178 demanda,
700 2098 802 2166 salvis
822 2099 936 2168 liberis
963 2096 1061 2185 burgi
1083 2098 1330 2166 consuetudini-

278 2202 342 2268 bus
361 2202 481 2269 debitis
502 2209 538 2270 et
559 2203 733 2271 consuetis.
768 2202 878 2270 Debet
896 2202 998 2270 etiam
1013 2201 1172 2289 praedicta
1189 2191 1331 2267 Mstild'a

279 2309 387 2371 toturn
421 2307 618 2393 prsedictum
648 2311 876 2373 tenementum
907 2327 983 2374 cum
1015 2306 1083 2371 suis
1121 2305 1330 2392 pertinentiis

278 2408 422 2475 inbono
445 2415 545 2490 statu,
575 2409 629 2476 vel
663 2410 789 2477 meliori
817 2431 883 2496 quo
904 2409 988 2474 illud
1010 2407 1143 2494 recepit,
1166 2407 1234 2474 suis
1256 2429 1330 2495 pro·

278 2511 359 2596 priis
381 2512 569 2600 sumptibus
591 2513 762 2594 sustinere,
785 2517 820 2579 et
849 2514 877 2578 si
900 2534 1030 2580 neeesse
1052 2511 1154 2577 fuerit
1176 2511 1330 2580 relevare.

279 2613 419 2682 sivero
446 2615 619 2704 contingat
649 2617 738 2703 quod
772 2616 930 2703 praedicta
957 2615 1099 2682 Matilde
1134 2615 1330 2702 praedictum

279 2722 506 2784 tenementum
528 2718 565 2784 in
587 2719 700 2805 alique
721 2720 774 2785 sui
797 2724 891 2806 parte
915 2719 1112 2786 deteriorare
1136 2719 1329 2806 permiserit,

279 2819 333 2888 vel
355 2821 550 2908 preadictum
572 2821 740 2889 redditmn
763 2823 915 2888 terminis
936 2821 1074 2888 statutis
1096 2843 1164 2889 non
1186 2823 1330 2902 solverit,

278 2921 377 2990 liceat
410 2923 505 2991 nobis
527 2931 563 2991 et
596 2925 834 2993 successoribus
856 2927 976 2992 nostris
1003 2927 1195 3012 praediotam
1219 2927 1331 2992 Metil-

280 3025 356 3094 dam
388 3049 447 3113 per
468 3027 588 3110 catalla
613 3049 681 3108 sua,
705 3028 903 3116 ubicumque
936 3028 1062 3095 fuerint
1095 3031 1241 3110 inventa,
1265 3031 1330 3096 dis-

279 3130 431 3217 tringere,
465 3131 568 3198 donec
601 3130 797 3217 praedictum
829 3137 1057 3199 tenementum
1088 3133 1157 3198 suis
1190 3134 1331 3221 propriis

279 3232 466 3322 sumptibus
489 3233 688 3302 sufficienter
711 3236 945 3315 emendaverit,
967 3239 1003 3302 et
1024 3241 1134 3302 totum
1163 3237 1331 3304 redditum

279 3339 337 3423 qui
371 3360 393 3404 s
428 3341 516 3404 retro
547 3337 651 3404 luerit
685 3338 831 3424 plenarie
864 3339 1067 3426 persolverit
1129 3339 1201 3407 Nec
1233 3341 1332 3408 liceat

279 3439 447 3526 praedictse
482 3437 632 3506 Matildee
665 3440 862 3528 praedictum
896 3446 1123 3508 tenementum
1155 3442 1255 3509 alicui
1288 3444 1330 3509 ad

278 3543 408 3610 firmem
441 3542 579 3620 tradere,
601 3541 656 3608 vel
692 3542 805 3629 aliquo
837 3543 903 3609 alio
941 3544 1039 3610 modo
1077 3543 1230 3624 alienare,
1259 3546 1330 3614 sine

278 3667 414 3713 assensu
439 3651 475 3712 et
504 3645 678 3712 voluntate
700 3650 822 3714 nostra
867 3646 936 3713 Nos
968 3668 1047 3712 vero
1069 3653 1103 3713 et
1133 3669 1331 3717 successores

278 3749 384 3816 nostri
417 3755 527 3815 totum
558 3748 754 3836 praediotum
776 3755 1003 3816 tenementum
1025 3771 1101 3817 cum
1122 3755 1195 3817 toto
1217 3751 1330 3819 curtil-

279 3853 367 3940 lsgio
388 3853 568 3939 adjacente,
593 3859 724 3922 etcum
748 3853 900 3920 omnibus
923 3853 998 3919 aliis
1020 3855 1330 3940 pertinentissime,

280 3955 445 4042 praedictae
468 3957 618 4024 Matildse
650 3957 803 4024 omnibus
837 3956 952 4022 diebus
979 3957 1060 4022 vites
1083 3977 1151 4024 suas
1175 3959 1331 4025 warantl·

279 4060 435 4126 zabimus.
482 4059 527 4125 Et
565 4065 641 4148 post
674 4062 841 4128 decessum
871 4059 1038 4146 praedictss
1068 4061 1217 4128 Matildae
1248 4083 1332 4149 prse-

280 4161 405 4229 ‹lictum
443 4167 670 4230 tenementum
707 4183 781 4230 cum
812 4163 964 4230 omnibus
1002 4163 1069 4228 suis
1111 4165 1332 4250 pertinentiis,

280 4264 365 4334 sicut
387 4265 582 4351 praedictum
605 4271 664 4343 est,
686 4265 729 4331 ad
758 4287 818 4332 nos
841 4270 876 4331 et
903 4285 1102 4332 successores
1131 4271 1260 4332 nostros
1281 4287 1331 4333 rc-

280 4373 437 4436 vertetur.
499 4369 541 4434 In
577 4369 671 4455 cujus
708 4369 756 4434 rei
793 4369 1030 4449 testimoninm,
1071 4369 1133 4435 hoc
1170 4371 1330 4456 scriptum

279 4471 474 4560 bipertitum
497 4472 586 4538 inter
607 4494 667 4537 nos
694 4477 746 4538 cst
776 4471 973 4551 coniectum,
995 4478 1030 4538 et
1059 4471 1178 4559 sigillis
1209 4474 1330 4538 nostris

279 4575 471 4644 alternatim
492 4576 648 4664 appensis
669 4577 867 4644 roboratum.
914 4575 991 4642 Hiis
1013 4576 1161 4642 testibus.
