3524 5808
461 831 527 894 400
875 849 1052 896 arrarnrx
1077 849 1132 897 11.-

461 1031 624 1097 breclriam
651 1030 809 1096 Willelmi
833 1031 873 1097 de
901 1032 1073 1098 laofstone
1097 1037 1132 1096 ct
1153 1030 1317 1096 Johsnnis
1348 1033 1380 1097 le
1403 1032 1514 1118 Kyng,

461 1134 498 1198 in
535 1141 629 1220 parte
666 1133 813 1212 australi,
856 1140 890 1199 et
933 1134 1053 1200 croftas
1096 1133 1177 1198 Evae
1221 1133 1261 1200 de
1296 1133 1329 1199 la
1367 1134 1514 1200 Mersohe

461 1235 498 1299 in
522 1242 616 1321 parte
639 1237 832 1321 aquilonari,
857 1239 891 1301 et
925 1236 1079 1302 extendit
1101 1257 1135 1301 se
1167 1237 1204 1299 in
1236 1241 1331 1321 parte
1362 1235 1514 1302 orientali

462 1359 560 1423 super
583 1343 722 1403 stratam
738 1338 912 1424 publicam
935 1359 1010 1423 quae
1036 1339 1223 1425 appellatur
1248 1337 1460 1423 Batheweye,
1482 1343 1515 1402 et

462 1439 499 1502 in
522 1443 616 1524 parte
647 1439 842 1506 occidentali
874 1461 973 1526 super
1004 1440 1121 1504 silvam
1156 1438 1322 1524 quondam
1353 1439 1514 1504 Johannis

465 1540 605 1627 Kaynel,
638 1546 673 1607 et
703 1541 805 1607 etiam
828 1542 864 1606 in
887 1542 1039 1607 omnibus
1061 1541 1135 1607 aliis
1159 1542 1277 1608 clausis
1300 1542 1427 1608 dictum
1458 1542 1514 1607 ab·

463 1645 573 1710 batem
612 1647 647 1708 et
679 1651 879 1710 conventum
914 1645 1183 1731 contingentibus
1214 1645 1250 1709 in
1288 1645 1514 1731 Fouleswyke.

464 1747 519 1811 Ita
533 1751 646 1812 tamen
669 1747 755 1832 quod
779 1768 915 1834 aeaego
935 1749 1113 1833 predicere
1128 1747 1276 1833 Rogerus
1298 1767 1359 1814 nec
1380 1746 1514 1812 heredes

463 1849 537 1926 mei,
559 1869 620 1914 nec
641 1847 762 1933 aliquis
785 1870 844 1934 per
865 1869 926 1913 nos
948 1869 1006 1913 seu
1030 1869 1090 1934 pro
1112 1847 1217 1925 nobis,
1232 1868 1294 1914 nec
1315 1848 1436 1934 aliquis
1458 1869 1514 1914 no·

463 1951 553 2016 mine
576 1956 697 2030 nostre,
715 1951 849 2036 aliquod
869 1950 926 2036 jus
949 1951 1003 2016 vel
1019 1951 1174 2018 clamium
1197 1951 1234 2016 in
1249 1951 1408 2037 praedicta
1430 1971 1515 2016 com-

464 2075 566 2118 mune
588 2053 629 2118 de
651 2057 768 2118 caetero
792 2053 922 2139 exigere
946 2053 1001 2120 vel
1030 2053 1205 2119 vendicare
1237 2053 1427 2139 poterimus.
1474 2053 1515 2117 ln

464 2156 558 2240 cujus
590 2155 637 2220 rei
675 2155 905 2220 testimonium
943 2155 1006 2222 hoc
1043 2177 1186 2241 praesens
1223 2155 1384 2242 scriptum
1415 2155 1515 2242 sigilli

464 2259 530 2322 mei
553 2258 766 2344 impressione
800 2257 962 2324 roboravi.
1010 2258 1086 2321 Hiis
1120 2257 1270 2336 testibus,
1303 2258 1452 2323 Galfrido
1474 2259 1515 2322 de

464 2359 630 2438 Westonc,
647 2359 800 2424 Johanne
826 2359 995 2444 Kaylewe,
1012 2359 1163 2424 Gilberto
1186 2361 1227 2424 de
1249 2361 1425 2445 Berwyke‚
1448 2359 1514 2424 Ro-

462 2483 542 2549 gero
564 2462 706 2539 Hasard,
730 2462 884 2527 Johanne
916 2463 1061 2547 Stormy,
1085 2462 1251 2528 Willelmo
1274 2463 1315 2527 de
1351 2463 1514 2527 Dudmer-

462 2569 531 2641 ton,
553 2563 706 2630 Johanne
729 2562 824 2648 Payn
858 2563 899 2628 de
924 2562 1153 2642 Kokelberwe‚
1177 2569 1212 2628 et
1234 2563 1317 2628 aliie.
1379 2564 1516 2643 Datum,

463 2669 525 2732 etc.

292 2869 372 2922 aare
385 2868 407 2922 b.
511 2856 724 2923 Serenissimo
746 2878 785 2924 ac
817 2856 1081 2924 reverentissimo
1116 2858 1249 2924 domino
1280 2879 1348 2936 suo,
1384 2857 1516 2924 domino

293 2963 383 3080 &ifle
465 2959 630 3025 Edwardo
653 2959 717 3024 Dei
748 2961 857 3045 gratia
888 2959 958 3046 regi
992 2959 1124 3046 Angliae
1156 2960 1286 3038 illustri,
1310 2961 1389 3026 duci
1411 2961 1517 3046 Aqui·

294 3045 575 3163 mellisam&
614 3061 726 3126 comiti
764 3061 976 3147 Andagaviae‚
1022 3083 1103 3126 suus
1148 3062 1288 3128 devotus
1327 3063 1516 3150 capellanus

294 3163 411 3278 3¹0⁰?
465 3163 567 3228 frater
589 3163 640 3229 W.
665 3165 705 3228 de
728 3162 1012 3229 Malmesburiensi
1035 3165 1169 3230 ecclesia
1198 3165 1334 3230 humilis
1357 3166 1517 3245 minister,

291 3243 408 3346 ἕζεαι,
465 3264 605 3330 salutem
628 3271 662 3330 et
685 3265 806 3331 devota
828 3265 1014 3331 orationum
1036 3265 1202 3352 suffragia.
1250 3267 1405 3354 Corporis
1439 3289 1512 3333 nos·

293 3361 397 3476 tentlliins
432 3369 510 3478 ttri
544 3367 766 3433 invalitudine
809 3368 970 3434 immensa
1004 3368 1160 3455 depressi,
1195 3390 1254 3455 pro
1286 3391 1353 3455 qua
1391 3369 1514 3456 parlia-

293 3443 447 3560 ffrffia
464 3476 577 3536 mento
609 3475 719 3536 vestro
753 3471 928 3536 Dominica
960 3470 1112 3556 proxima
1145 3475 1221 3557 post
1254 3469 1377 3536 festum
1401 3469 1516 3538 Sancti

294 3560 381 3678 {fflth
465 3573 615 3639 Mathiae·
636 3572 788 3659 Apostoli
819 3571 999 3638 Londoniis
1033 3573 1225 3639 celebrando
1256 3575 1416 3640 interesse
1449 3594 1516 3639 non

298 3693 343 3758 [1⁵
356 3665 425 3746 nlo.
463 3697 644 3762 possumus,
668 3675 803 3741 dilectos
833 3673 1012 3740 confratres
1047 3678 1081 3740 et
1112 3673 1362 3742 commonachos
1400 3675 1516 3741 domus

293 3761 331 3826 1.]
462 3784 593 3856 nostrae,
631 3775 835 3842 Willelmum
878 3776 919 3841 de
956 3775 1128 3862 Alyntone
1169 3783 1204 3844 et
1247 3776 1436 3842 Galfridnm
1474 3777 1516 3842 de

464 3881 677 3959 Gloucestria,
701 3877 915 3966 praesentium
943 3878 1154 3958 exhibitores,
1185 3883 1410 3967 procuratores
1441 3899 1517 3946 con-

457 3983 602 4069 junctim
625 4003 683 4047 seu
707 3981 841 4046 divisim
864 3985 905 4046 ut
926 3987 1056 4048 nostros
1087 3983 1124 4047 in
1155 3981 1216 4048 hac
1249 3987 1345 4068 parte
1380 4001 1516 4048 excusa-

462 4090 558 4162 tores,
582 4086 624 4150 ad
648 4085 771 4171 regiam
795 4083 1004 4170 majestatem
1037 4085 1194 4148 duximus
1218 4083 1443 4163 destinandos,
1473 4085 1517 4150 ad

461 4189 671 4253 tractandum
706 4207 773 4252 una
805 4209 879 4253 cum
914 4189 1040 4252 caeteris
1063 4187 1121 4271 qui
1155 4187 1197 4251 ad
1232 4186 1360 4251 dictum
1394 4186 1517 4274 parlia-

460 4296 610 4357 mentum
641 4291 846 4366 advenerint,
870 4295 905 4354 et
938 4289 980 4354 ad
1012 4287 1274 4376 prosequendum
1307 4289 1351 4354 ad
1384 4288 1516 4353 laudem

461 4393 568 4458 divini
590 4392 732 4459 nominis
755 4398 790 4457 et
812 4391 905 4476 regni
928 4391 1110 4456 utilitatem
1127 4411 1341 4476 quaecumque
1364 4391 1400 4455 in
1422 4397 1516 4455 ante-

460 4495 550 4562 dicto
575 4495 791 4582 parliamento
815 4493 940 4557 fuerint
963 4493 1095 4558 sancita
1143 4493 1268 4559 Reium
1302 4493 1450 4558 habituri
1482 4497 1518 4556 et

460 4602 592 4686 gratum
614 4594 771 4682 quiequid
803 4593 904 4658 iidem
928 4593 1096 4660 Golfridus
1118 4598 1154 4660 et
1176 4593 1361 4660 Willelmus
1384 4594 1517 4660 nomine

460 4705 572 4766 nostro
609 4703 644 4764 et
681 4697 871 4763 monasterii
909 4697 1014 4762 nostri
1052 4698 1088 4762 in
1125 4696 1187 4762 hac
1224 4702 1319 4783 parte
1358 4699 1516 4764 duxerint

460 4801 655 4870 faciendum.
701 4801 774 4868 Hoc
796 4800 884 4866 idem
916 4799 1009 4867 vobis
1044 4805 1078 4864 et
1111 4800 1263 4866 omnibus
1295 4823 1435 4887 quorum
1465 4801 1516 4868 in·
