3578 5808
431 870 496 938 104
682 886 887 939 aamercort
909 889 1231 941 usrurssunrnrss.

429 1075 659 1156 servientibus,
681 1077 717 1141 in
739 1077 886 1156 liberam,
908 1099 1035 1166 puram,
1058 1085 1093 1144 et
1118 1084 1312 1165 perpetuam
1335 1077 1488 1144 elemosi-

429 1199 517 1257 nam,
540 1185 645 1247 totam
668 1186 789 1248 terram
812 1204 912 1269 qnam
934 1184 1037 1248 habui
1069 1184 1105 1247 in
1128 1182 1164 1248 lo
1178 1181 1392 1259 Btukeloada
1413 1203 1487 1248 cum

430 1281 645 1349 advocatione
668 1284 819 1363 eeclesiae,
837 1307 912 1351 cum
935 1285 1092 1363 aedificiis
1108 1285 1266 1372 gordinis
1281 1283 1485 1370 cartillagiis

429 1385 550 1464 emitis,
585 1387 697 1473 pratis,
720 1389 849 1473 pascuis
884 1393 918 1452 et
950 1387 1103 1474 pasturis,
1134 1387 1247 1464 boscis,
1279 1385 1485 1461 molendinis,

429 1489 563 1574 stagnis
587 1489 734 1568 vivariis
756 1491 948 1556 tenentibus
979 1489 1091 1555 liberis
1115 1495 1149 1555 et
1180 1489 1293 1567 servis,
1316 1494 1350 1554 ct
1373 1509 1484 1553 eorum

428 1592 575 1664 serviciis
613 1599 648 1660 et
685 1593 987 1671 consuctudinibus,
1026 1594 1096 1658 sine
1134 1592 1202 1658 ulio
1240 1596 1484 1659 retenemento:

425 1693 611 1761 habendam
635 1702 669 1761 et
691 1697 868 1763 tenendam
891 1703 997 1764 totam
1020 1695 1213 1782 praedictam
1236 1701 1358 1761 terram
1381 1696 1422 1760 de
1446 1694 1482 1758 ta

430 1796 639 1878 Btthctoada
661 1819 736 1874 curn
759 1799 977 1866 advocatione
1000 1800 1152 1878 ecclesiae,
1176 1804 1210 1864 et
1233 1820 1308 1864 cum
1331 1797 1483 1864 omnibus

426 1900 500 1966 aliis
535 1903 633 1970 rebus
666 1903 955 1990 supranominatis,
990 1901 1157 1990 praedictis
1195 1902 1309 1968 abbati
1344 1906 1378 1966 et
1408 1922 1483 1966 con-

426 2007 544 2071 ventui
566 2011 601 2072 et
623 2028 736 2072 corum
759 2008 1005 2086 successoribus,
1018 2008 1094 2094 jure
1115 2005 1341 2073 elemosinario
1364 2005 1484 2092 imper-

426 2112 583 2196 petuum;
605 2108 755 2176 faciendo
777 2110 912 2198 capitali
934 2111 1068 2176 domino
1098 2108 1188 2175 feodi
1220 2108 1396 2174 servicium
1428 2108 1484 2172 dc-

426 2210 535 2279 bitum
550 2216 585 2277 et
605 2217 806 2292 consuetum,
823 2213 864 2279 dc
879 2214 1037 2300 praedicta
1059 2218 1157 2278 terra.
1196 2212 1240 2277 Et
1263 2233 1323 2298 ego
1339 2209 1484 2276 Oristina

427 2318 462 2379 et
483 2313 619 2380 heredes
641 2315 707 2381 mei
730 2319 836 2382 totam
866 2316 1059 2403 praedictam
1089 2320 1211 2380 terram
1242 2315 1283 2379 de
1304 2313 1340 2378 ia
1362 2312 1483 2378 Blake·

426 2415 533 2494 lande,
549 2439 624 2482 cum
647 2417 864 2484 advocatione
888 2417 1040 2497 ecclesiae,
1056 2437 1131 2482 cum
1155 2415 1310 2494 aedificiis,
1326 2415 1482 2502 gardinis,

427 2518 629 2606 curtiilagiis,
661 2520 781 2598 croftis,
813 2521 926 2606 pratis,
958 2519 1087 2606 pascuis
1118 2523 1152 2583 et
1185 2519 1337 2605 pasturis,
1369 2517 1481 2596 boscis,

427 2619 635 2699 molendinis,
651 2622 786 2709 stagnis,
803 2621 949 2700 viveriis,
965 2621 1156 2686 tenentibus
1180 2621 1290 2686 tiberis
1313 2625 1347 2686 et
1369 2619 1482 2696 servis,

427 2728 461 2787 ct
493 2744 605 2788 corum
637 2725 783 2790 serviciis
821 2730 856 2790 et
887 2723 1188 2802 consuetudinibus
1223 2728 1337 2790 contra
1370 2743 1483 2788 omnes

426 2825 581 2892 mortales
603 2827 847 2914 imperpetuum
869 2827 1167 2894 warantizabimus.

470 2927 515 2994 Et
530 2934 570 2993 ut
592 2928 663 2995 haec
685 2951 759 2996 mea
782 2929 916 2996 donatio
940 2935 974 2994 et
997 2931 1160 2995 concessio
1194 2929 1294 2995 robur
1315 2925 1483 3014 perpetui-

425 3033 506 3098 tatis
529 3033 711 3120 optineant,
726 3033 812 3100 hanc
827 3037 951 3100 cartam
974 3033 1096 3098 eisdem
1119 3032 1233 3099 abbati
1255 3038 1290 3098 et
1305 3031 1483 3099 conventui

426 3136 498 3220 feci,
521 3141 555 3202 et
577 3135 686 3223 sigillo
709 3157 783 3202 meo
807 3137 944 3222 signavi.

805 3502 883 3569 Ore.
917 3497 1100 3568 OOXLIII.

516 3675 708 3748 Romanam
729 3677 856 3767 placiti
878 3678 918 3745 cle
939 3686 1030 3746 tarro
1057 3677 1097 3746 dc
1121 3676 1157 3744 tu
1180 3672 1390 3746 Bursauone.

471 3835 575 3921 Lucia
613 3872 687 3941 quae
725 3853 791 3919 fuit
829 3875 914 3919 uxor
937 3852 1097 3919 Willelmi
1135 3853 1176 3917 de
1212 3851 1386 3930 Oaunvilc,
1422 3873 1480 3938 per

327 3959 333 3972 '
426 3962 633 4024 attornatum
663 3979 760 4023 suum
792 3957 828 4022 in
862 3957 954 4022 curia
986 3955 1112 4022 domini
1144 3956 1230 4042 regis
1258 3956 1348 4042 apud
1372 3951 1480 4020 West-

426 4062 672 4142 monesterium,
694 4081 716 4126 a
748 4060 801 4125 dic
837 4058 952 4125 Sancti
976 4059 1111 4124 Hiliarii
1146 4061 1182 4123 in
1204 4081 1259 4124 xv,
1291 4060 1362 4125 dies
1392 4080 1480 4124 anno

426 4181 529 4244 xiva,
544 4165 631 4251 petit
654 4185 768 4230 versus
792 4161 993 4228 Oristianam
1015 4161 1120 4228 filiam
1143 4162 1298 4248 Hugonis
1321 4163 1362 4228 de
1385 4164 1480 4228 Had-

424 4269 510 4334 done
532 4267 666 4333 tertiam
689 4271 817 4354 partem
853 4266 921 4331 xvi.
945 4265 1105 4330 librarum
1137 4265 1286 4331 redditus
1310 4287 1385 4332 cum
1408 4288 1481 4354 per·

424 4370 576 4436 tinentiis
608 4369 645 4433 in
679 4368 715 4434 to
737 4366 944 4433 Blolrotortcte
976 4373 1015 4432 ut
1048 4369 1159 4434 dotem
1198 4391 1302 4450 suam,
1325 4375 1385 4434 etc.
1433 4368 1478 4432 Et

424 4469 592 4539 Oristiana
631 4471 726 4536 venit
759 4476 793 4535 et
824 4470 907 4536 alias
939 4470 1071 4536 vocavit
1105 4471 1148 4536 ad
1181 4475 1368 4537 warantum
1403 4471 1479 4535 inde

424 4575 610 4642 Galfridum
633 4573 739 4638 filium
755 4573 913 4640 Wilielmi
937 4574 977 4639 de
993 4573 1177 4653 Oaunville,
1194 4576 1252 4660 qui
1274 4575 1372 4640 modo
1387 4574 1481 4640 venit

424 4703 482 4766 per
512 4677 812 4754 summonitionem,
851 4682 885 4741 et
918 4677 1005 4762 petit
1042 4677 1106 4741 sibi
1141 4678 1269 4742 ostendi
1301 4698 1360 4763 per
1392 4673 1480 4762 quod

424 4782 544 4848 debeat
566 4781 596 4846 ei
611 4780 831 4847 warantizare
847 4779 1040 4864 prodictam
1063 4785 1194 4846 terram.
1243 4780 1288 4844 Et
1312 4779 1480 4846 Oristiana
