3524 5808
432 865 497 930 320
686 877 885 928 armannum
909 873 1232 924 nanumnumnnsn

429 1075 470 1134 ut
495 1068 632 1134 liberam
655 1074 690 1133 et
719 1072 913 1154 perpetuam
937 1065 1148 1131 elemosinam
1183 1085 1284 1142 suam,
1308 1085 1367 1150 per
1400 1085 1484 1150 prae·

429 1171 556 1238 dictum
579 1170 756 1237 servicium
778 1173 895 1235 contra
916 1187 1031 1235 omnes
1052 1165 1202 1233 homines
1228 1167 1482 1252 imperpetuum.

431 1273 476 1338 Et
505 1294 565 1360 pro
597 1272 660 1339 hac
693 1270 930 1358 recognitione,
950 1270 1123 1347 warentia,
1146 1269 1211 1334 fine
1242 1274 1277 1334 et
1308 1269 1484 1335 concordia

428 1375 517 1440 idem
549 1373 650 1440 abbas
684 1371 726 1438 de
760 1373 941 1460 Bynedone
976 1373 1070 1438 dedit
1103 1370 1261 1458 praedicto
1292 1371 1407 1438 abbati
1440 1371 1482 1436 de

429 1475 665 1544 Malmesburia
687 1476 909 1563 quadraginta
931 1475 1052 1542 solidos
1076 1473 1317 1562 sterlingorum.

749 1787 830 1856 om.
856 1785 1168 1855 OOOOXXXVIII.

428 1955 568 2023 nicam
590 1951 771 2022 concordia
792 1951 885 2019 tator
912 1951 1121 2020 Willelmccm
1136 1949 1260 2039 filicum
1282 1948 1431 2017 Riccrtii
1452 1958 1483 2016 et

518 2055 713 2137 ,solennem
749 2053 900 2122 abbatom
933 2053 973 2122 dc
1004 2051 1252 2121 Mclmmlruric
1284 2053 1324 2119 de
1356 2053 1480 2120 molat-

519 2159 604 2227 ctiuo
627 2157 667 2226 de
690 2157 864 2246 Pyritone.

474 2307 556 2375 Haec
578 2311 630 2373 est
651 2306 760 2373 finalis
777 2305 951 2373 concordia
968 2305 1057 2372 facta
1079 2305 1115 2370 in
1138 2305 1230 2372 curia
1252 2304 1377 2372 domini
1396 2305 1479 2392 regis

262 2390 393 2507 ,essuissgn'
428 2412 518 2499 apud
550 2409 741 2477 Glcucestre
772 2431 794 2475 a
825 2409 879 2474 dia
914 2407 1030 2474 Sancti
1052 2407 1216 2474 Johannis
1250 2407 1413 2494 Baptistae
1446 2409 1480 2471 in

285 2523 360 2586 oron
430 2512 617 2600 quindecim
633 2510 726 2590 dies,l
741 2531 828 2577 anno
851 2509 945 2598 regni
960 2510 1047 2596 regis
1070 2510 1207 2576 Henrici
1231 2509 1293 2574 filii
1315 2510 1402 2596 regis
1423 2510 1478 2576 ,Ιο-

261 2591 321 2626 m¹'
429 2616 550 2681 hannis
581 2615 735 2682 vicesimo
767 2614 893 2700 quinto,
917 2634 1027 2680 coram
1051 2613 1195 2678 Robertc
1222 2612 1262 2677 de
1286 2613 1478 2690 Lexintone,

430 2717 575 2784 Radulfc
608 2718 649 2783 de
682 2715 813 2804 Sulleg’,
837 2715 1003 2782 Willelmo
1030 2716 1071 2781 de
1103 2715 1326 2793 Oulewurthe,
1350 2715 1479 2781 Jollano

430 2822 471 2887 de
494 2818 637 2898 Neville,
660 2824 695 2885 et
716 2818 862 2885 Roberto
880 2820 921 2885 de
944 2815 1060 2896 Bana,2
1078 2817 1272 2904 justiciariis
1294 2817 1480 2883 itineranti·

429 2923 500 3002 bus,
524 2927 558 2988 et
584 2921 659 2987 aliis
689 2920 815 2986 domini
838 2921 924 3007 regia
956 2919 1109 2986 fidelibus
1145 2926 1227 2986 tunc
1258 2918 1305 2984 ibi
1339 2940 1479 3006 praesen-

429 3025 528 3091 tibus.
582 3023 676 3089 Inter
709 3021 913 3088 Willelmum
946 3021 1054 3088 filium
1087 3019 1222 3089 Ricardi
1255 3026 1425 3108 petentem
1447 3025 1481 3086 et

429 3127 616 3194 Johannem
639 3124 794 3192 abbatem
825 3125 866 3191 de
889 3124 1124 3190 Malmesbnria
1150 3129 1328 3201 tenentem,
1350 3125 1392 3190 de
1415 3145 1481 3188 uno

430 3229 628 3306 molendino,
651 3232 686 3294 et
718 3227 825 3293 tribus
859 3227 1000 3313 virgatis
1034 3233 1132 3292 terrae
1165 3247 1240 3292 cnm
1271 3225 1482 3313 pertinentiis

429 3332 576 3420 exceptis
599 3330 706 3396 tribus
730 3329 813 3396 acris
840 3335 937 3394 terrae
967 3329 1003 3394 in
1026 3329 1194 3406 Peretone,
1218 3333 1252 3394 et
1283 3330 1371 3394 inter
1401 3349 1481 3394 eun-

429 3435 504 3498 dem
547 3431 751 3498 Willelmum
792 3435 970 3516 petentem,
1007 3436 1042 3497 et
1079 3431 1275 3516 praedictum
1317 3430 1481 3510 abbatem,

430 3557 527 3622 quem
550 3533 745 3600 Waleranus
769 3533 809 3598 de
825 3532 1050 3598 Bluntesdone
1065 3533 1199 3599 vocavit
1220 3533 1264 3598 ad
1287 3537 1481 3610 warantum,

430 3637 544 3724 etqui
567 3637 597 3702 ei
621 3635 861 3714 warantizavit,
884 3635 925 3700 de
948 3635 1056 3700 tribus
1077 3635 1162 3702 acris
1184 3639 1280 3702 terrae
1310 3656 1385 3702 cum
1408 3657 1480 3722 per-

430 3739 581 3805 tinentiis
603 3737 640 3802 in
663 3736 778 3803 eadem
803 3735 893 3802 villa
939 3734 1039 3802 Unde
1061 3736 1165 3803 assisa
1187 3737 1303 3802 mortis
1333 3742 1480 3804 anteces-
1549 3743 1554 3750 '

429 3863 540 3908 sorum
572 3839 773 3906 summonita
806 3838 872 3904 fuit
905 3839 993 3904 inter
1025 3860 1078 3904 eos
1111 3840 1147 3904 in
1179 3840 1301 3906 eadem.
1348 3839 1482 3908 Scilicet

429 3945 518 4032 quod
540 3943 719 4030 praedictus
742 3940 928 4008 Willelmus
950 3941 1142 4028 recognovit
1163 3947 1269 4008 totam
1288 3943 1481 4028 praedictam

429 4053 551 4112 terram
574 4049 608 4112 et
629 4043 856 4110 molendinum
879 4063 954 4110 cum
976 4043 1187 4130 pertinentiis
1209 4065 1279 4110 esse
1297 4045 1354 4130 jus
1376 4045 1481 4131 ipsius

429 4148 568 4227 abbatis,
591 4152 625 4213 et
648 4146 791 4214 ecclcsiae
818 4167 887 4212 suae
909 4146 950 4213 de
973 4145 1216 4214 Malmesburia
1262 4145 1307 4213 Et
1337 4167 1397 4234 pro
1419 4147 1482 4216 hac

428 4251 660 4340 recognitione,
691 4249 756 4315 fine
781 4254 816 4316 et
850 4249 1032 4330 concordia,
1065 4249 1154 4317 idem
1187 4249 1289 4317 abbas
1322 4251 1483 4318 concessit

429 4355 587 4443 praedicto
614 4351 781 4419 Willelmc
811 4351 1023 4419 medietatem
1045 4353 1207 4440 mesuagii
1229 4353 1318 4440 quod
1341 4353 1385 4420 ad
1416 4359 1481 4419 ter-

428 4481 499 4527 ram
522 4458 614 4524 illam
635 4457 788 4544 pertinet,
804 4455 929 4523 scilicet
950 4455 1163 4522 medietatem
1177 4477 1292 4522 versus
1312 4456 1482 4535 orientem,

462 4645 471 4677 ¹
489 4643 555 4710 dier]
576 4643 627 4706 die,
638 4640 694 4693 MS.
952 4644 957 4746 Ι
979 4639 1061 4692 which
1072 4641 1215 4707 frequently
1226 4655 1316 4691 occurs
1332 4655 1426 4708 among
1437 4641 1482 4693 the

462 4721 580 4787 ²Baro]
596 4719 631 4772 clc
651 4719 677 4770 in
698 4717 791 4782 nam
809 4717 929 4770 misread-
976 4718 1084 4784 jastices
1096 4717 1184 4771 atthis
1196 4717 1292 4784 period.

429 4801 473 4869 ing
483 4801 519 4868 by
530 4799 574 4853 the
593 4799 683 4861 scribe,
695 4799 725 4850 cl
734 4799 819 4865 Haya,
829 4813 844 4849 a
855 4811 929 4849 name
951 4772 957 4874 Ι
