3524 5808
435 901 499 966 366
846 914 1027 966 reraunrx
1052 915 1072 963 1.

433 1099 677 1189 adnatabulum
709 1100 855 1165 sacristae
887 1099 959 1162 fieri
982 1098 1062 1163 fecit
1095 1119 1197 1163 unam
1229 1099 1373 1176 domum,
1396 1098 1489 1184 cujus

434 1225 512 1268 vero
535 1203 677 1288 primam
709 1207 838 1288 partem
870 1202 1055 1286 assignavit
1076 1202 1120 1266 ad
1150 1222 1319 1288 pauperes,
1342 1207 1377 1266 et
1407 1201 1489 1266 alte-

433 1327 503 1370 ram
528 1311 656 1391 partem
679 1307 721 1369 ad
746 1305 914 1369 stabulum
938 1325 1105 1389 equorum.

476 1407 584 1473 Juxta
614 1393 784 1472 stabulum
818 1407 998 1492 hospitum,
1030 1427 1134 1470 unum
1167 1406 1301 1470 domum
1334 1405 1414 1471 fecit
1444 1407 1488 1471 ad

432 1531 533 1595 equos
565 1509 777 1596 reponendos.
825 1508 982 1593 Fecitque
1017 1507 1254 1573 molendinum.
1300 1509 1345 1574 Et
1381 1509 1486 1594 capel-

432 1613 498 1677 lam
535 1612 649 1677 Sancti
685 1610 855 1675 Aldhelmi
887 1611 921 1674 in
957 1610 1103 1695 gardino.
1161 1610 1254 1676 Fecit
1286 1611 1388 1675 etiem
1420 1617 1487 1676 tres

433 1715 546 1778 furnos
578 1715 681 1799 juxta
714 1713 888 1798 coquinam
925 1717 1118 1777 conventus,
1179 1713 1223 1776 Et
1245 1713 1413 1777 cumulum
1446 1713 1487 1778 de

432 1837 561 1882 camera
583 1816 714 1881 abbatis
741 1816 781 1880 de
804 1837 892 1880 novo
926 1815 1079 1880 construi.
1127 1815 1171 1879 Et
1198 1815 1486 1881 infirmitoriuma

433 1919 649 1983 fundamento
672 1917 835 1982 aedificari.

479 2020 655 2086 Ecclesiam
690 2019 731 2084 de
754 2019 911 2084 Puritone
944 2020 980 2083 in
1013 2020 1162 2105 proprios
1193 2041 1270 2084 usus
1294 2020 1485 2105 impetravit

433 2124 474 2188 de
513 2122 728 2187 Beaumundo
766 2121 806 2184 de
845 2120 946 2185 Vicia
1011 2120 1105 2187 Fecit
1143 2121 1243 2186 etiam
1280 2122 1406 2186 curiam
1444 2121 1484 2186 de

433 2229 589 2294 Purr'tone
612 2249 706 2292 muro
729 2227 983 2312 circumquaque
1002 2227 1136 2292 includi.
1183 2227 1339 2312 Feritque
1361 2227 1483 2292 ibidem

433 2352 532 2397 unam
570 2331 742 2416 grangiam
780 2335 876 2416 petra
907 2335 1103 2414 coopertam,
1142 2335 1176 2393 et
1215 2351 1320 2393 unum
1358 2351 1482 2394 novum

433 2434 616 2520 gardinum,
639 2439 674 2497 et
695 2433 784 2496 infra
806 2432 982 2516 gardinum
1005 2432 1084 2498 fecit
1107 2433 1173 2496 duo
1204 2433 1340 2497 vivaria.
1392 2432 1483 2498 Fecit

433 2537 532 2600 etiam
565 2556 667 2600 unum
700 2533 927 2598 molendinum
958 2555 1033 2598 cum
1057 2534 1194 2598 vivario.
1257 2533 1350 2599 Fecit
1383 2535 1482 2599 etiarn

430 2639 530 2703 aliam
553 2659 707 2723 magnam
730 2637 903 2722 grangiam
927 2636 962 2699 in
985 2635 1151 2700 Berthone
1178 2642 1272 2722 petra
1287 2643 1481 2722 coopertam.

431 2741 476 2804 Et
505 2741 672 2805 boveriam
693 2739 795 2823 juxta
826 2738 1001 2801 introitum
1037 2742 1148 2823 portae,
1173 2739 1330 2803 stramine
1354 2760 1481 2825 cooper-

428 2848 507 2922 tam,
531 2847 565 2906 et
587 2841 653 2906 duo
676 2839 884 2906 columbaria

473 2943 651 3009 Ecclesiam
683 2943 784 3008 ctiam
818 2942 858 3007 de
882 2940 1018 3006 Kemele
1049 2941 1255 3027 inpropriae
1279 2963 1358 3006 usus
1380 2943 1481 3028 impe·

427 3047 542 3122 travit,
564 3050 599 3110 et
633 3045 770 3110 eandem
802 3043 971 3108 ecclesiam
994 3043 1249 3128 circumquaque
1271 3044 1351 3109 fecit
1373 3065 1478 3110 emen·

427 3147 508 3224 deri,
531 3151 566 3212 et
596 3145 776 3212 cancellum
807 3142 954 3230 ejusdem
984 3165 1059 3209 cum
1086 3145 1208 3230 gabulo
1230 3145 1310 3210 fecit
1332 3148 1373 3212 de
1394 3168 1480 3212 novo

427 3251 583 3316 construi.
632 3249 724 3313 Fecit
757 3247 859 3312 etiam
895 3245 1017 3311 ibidem
1041 3268 1142 3311 unam
1165 3249 1337 3334 grangiam
1360 3270 1478 3314 novam

427 3356 522 3437 petra
556 3356 753 3435 coopertam,
778 3354 812 3413 et
841 3368 945 3413 unum
972 3347 1218 3414 columbarium.
1266 3350 1359 3416 Fecit
1381 3352 1478 3416 etiam

428 3453 551 3517 ibidem
574 3473 727 3538 magnam
751 3454 880 3536 portam
904 3449 944 3514 de
967 3470 1053 3514 novo
1077 3451 1229 3515 construi.

474 3553 597 3640 Apud1
620 3553 656 3617 la
679 3550 909 3617 Blatclormdc
924 3551 1003 3618 fecit
1018 3553 1164 3617 construi
1187 3574 1288 3618 unam
1309 3556 1477 3641 grangiam

427 3677 557 3734 novam,
580 3663 615 3720 et
637 3655 815 3734 boveriam,
840 3660 874 3718 et
896 3654 962 3719 duo
985 3655 1122 3732 vivaria,
1139 3661 1173 3720 ct
1195 3677 1296 3724 uuam
1319 3678 1475 3723 cameram

427 3781 549 3823 novam
565 3765 660 3844 petra
682 3763 876 3842 coopertam.
924 3755 1016 3821 Fecit
1032 3757 1131 3821 etiam
1149 3758 1271 3824 ibidem
1293 3761 1476 3844 garnerium

426 3866 461 3926 et
484 3861 658 3945 coquinam
682 3864 777 3944 petra
799 3863 994 3944 coopertam.

471 3961 571 4047 Apud
595 3959 631 4024 lo
654 3961 796 4043 Hoapre
818 3959 900 4024 fecit
922 3979 1024 4023 unam
1047 3961 1227 4047 grangiam.

471 4063 572 4148 Apud
596 4062 734 4129 Colerne
756 4061 836 4126 fecit
858 4081 970 4126 omnes
993 4061 1106 4126 domos
1129 4063 1250 4128 ibidem
1275 4065 1459 4130 existentes.

470 4165 571 4250 Apud
587 4163 774 4249 Thycwode
797 4163 876 4228 fecit
898 4183 1011 4228 omnes
1033 4162 1146 4229 domos
1169 4171 1203 4230 et
1226 4171 1331 4231 totam
1353 4168 1476 4234 curiam

425 4286 520 4330 muro
543 4264 676 4330 includi.

470 4367 572 4453 Apud
608 4364 831 4431 Oreddewelle
866 4367 946 4432 fecit
979 4388 1080 4432 unam
1117 4370 1289 4454 grangiam
1326 4391 1478 4456 magnam

427 4476 523 4556 petra
554 4473 750 4554 coopertam,
773 4473 808 4532 et
838 4467 937 4532 aliam
971 4469 1141 4555 grangiam
1168 4472 1326 4536 stramine
1348 4493 1478 4559 cooper-

426 4578 507 4648 tam
531 4591 605 4655 quae
628 4569 815 4655 appellatur
837 4568 992 4635 Putbern.
1041 4569 1125 4636 Item
1158 4571 1238 4636 fecit
1259 4572 1359 4637 aliam
1381 4595 1478 4659 gran-

1306 4735 1470 4748 —-.-...

627 4817 636 4850 ¹
654 4817 748 4884 Aac]
763 4817 838 4884 Aput
850 4816 876 4868 in
886 4817 945 4870 MS.
956 4817 1017 4870 here
1029 4821 1079 4874 and
1090 4820 1234 4874 elsewhere.
1296 4889 1297 4892 Ἴ
