3526 5810
458 847 522 912 298
709 861 909 912 ssorsrsun
932 861 1254 916 mensurasse.

455 1051 489 1117 lc
510 1051 621 1117 Broke
643 1073 742 1138 super
764 1051 802 1118 lo
823 1051 970 1130 Boumae,
986 1058 1021 1118 et
1043 1054 1141 1119 terris
1165 1054 1306 1120 Wolteri
1328 1057 1370 1121 de
1393 1055 1513 1141 Wyte-

455 1151 550 1218 welle
581 1175 678 1240 super
704 1153 741 1218 lu
762 1153 910 1232 Boutae,
933 1161 968 1220 et
998 1161 1138 1223 vocatur
1163 1155 1200 1222 lc
1226 1153 1419 1244 Wcteeroftc,
1442 1180 1513 1224 una

454 1277 529 1322 cum
561 1257 666 1322 crofta
699 1256 756 1322 illa
788 1279 863 1342 quoe
891 1262 1027 1323 vocatur
1058 1258 1095 1324 to
1126 1257 1317 1344 Mersoroftc
1348 1261 1384 1325 in
1415 1267 1512 1347 parte

453 1358 648 1425 occidentali
670 1357 761 1424 villae
784 1358 826 1424 de
849 1359 1026 1443 Alyntone,
1051 1365 1085 1426 et
1107 1361 1205 1425 terris
1226 1362 1401 1427 dominicis
1422 1383 1509 1448 prse-

453 1460 616 1525 dictorum
639 1459 758 1546 prioris
780 1465 815 1525 et
837 1465 1022 1526 conventus
1044 1460 1131 1527 cirea
1153 1462 1314 1550 cupellam
1336 1463 1377 1528 de
1399 1463 1509 1549 Alyn-

452 1567 539 1640 tone,
563 1567 598 1628 et
624 1567 751 1648 septem
781 1562 865 1626 seris
892 1567 989 1628 terrae
1020 1582 1119 1648 super
1140 1563 1289 1649 Rydone.
1352 1564 1397 1628 Et
1417 1564 1508 1650 ipsas

453 1669 557 1730 terras
579 1663 737 1729 claudunt
759 1667 794 1728 et
815 1663 853 1726 in
873 1662 1007 1729 defenso
1028 1668 1173 1730 teneant.
1219 1665 1275 1730 Ita
1289 1671 1402 1731 tamen
1417 1669 1507 1752 quod

454 1789 522 1854 prae
545 1765 674 1831 defectu
698 1765 875 1830 olausturae
899 1787 977 1844 suae,
999 1766 1113 1831 averia
1135 1772 1249 1832 nostra
1263 1789 1322 1832 seu
1345 1789 1507 1834 suceesso-

452 1892 526 1936 rum
558 1875 746 1934 nostrorum
768 1889 867 1954 super
898 1868 1074 1954 praedictas
1106 1873 1211 1934 terras
1241 1870 1389 1948 inventa,
1412 1871 1506 1937 nullo

452 1978 599 2058 tempore
621 1970 750 2058 possint
771 1969 969 2055 imparkare,
994 1974 1054 2034 aut
1069 1969 1197 2055 sliquos
1212 1972 1366 2036 emendos
1390 1993 1506 2058 capere

451 2077 506 2142 vel
529 2075 668 2160 exigere.
730 2071 833 2138 Salve
854 2076 967 2138 tamen
989 2071 1085 2136 nobis
1108 2077 1143 2137 et
1165 2073 1404 2138 successoribus
1430 2096 1505 2140 nos·

451 2179 512 2245 tris
534 2197 710 2244 commune
732 2197 833 2260 quam
855 2174 976 2240 habere
999 2175 1230 2241 consuevimus
1257 2176 1293 2240 iu
1316 2177 1440 2262 campis
1463 2177 1503 2242 de

450 2281 620 2366 dlyntone
650 2279 687 2342 in
717 2277 829 2344 clauso
861 2297 929 2342 non
963 2275 1193 2342 existentibus.
1223 2331 1225 2336 .
1256 2277 1327 2342 Nos
1358 2299 1437 2344 vero
1468 2284 1504 2344 et

450 2403 647 2449 successores
670 2380 775 2444 nostri
798 2399 911 2444 omnes
932 2378 1109 2463 praedictas
1131 2383 1236 2444 terras
1258 2400 1334 2446 cum
1350 2380 1501 2445 omnibus

450 2486 519 2551 suis
542 2483 762 2572 pertinentiis,
778 2480 946 2568 praedictis
961 2480 1064 2566 priori
1079 2485 1114 2544 et
1129 2479 1309 2546 oonv'entui
1331 2487 1366 2546 et
1389 2503 1501 2547 eorum

450 2586 696 2662 successoribus,
712 2585 798 2650 sicut
821 2581 1048 2668 supradictum
1071 2585 1130 2658 est,
1146 2587 1261 2648 contra
1283 2603 1396 2648 omnes
1418 2604 1501 2649 mor-

449 2691 531 2757 tales
569 2686 870 2764 warantizabimus,
906 2684 1169 2769 acquietabimus
1206 2690 1241 2750 et
1279 2684 1501 2750 defendemus.

450 2794 495 2858 Et
532 2792 568 2855 in
605 2788 833 2855 testimonium
879 2786 980 2872 hujus
1018 2785 1234 2851 concessionis
1272 2793 1401 2864 nostrae,
1439 2787 1500 2854 hoc

450 2895 609 2980 seriptum
631 2890 828 2978 bipertitum
851 2889 1015 2953 internos
1038 2893 1090 2953 est
1113 2888 1307 2968 confectum,
1324 2896 1359 2955 et
1381 2889 1498 2976 sigillis

449 2996 570 3063 nostris
586 2992 776 3060 alternatim
791 2991 946 3078 appensis
961 2989 1137 3056 munitum.
1176 2989 1253 3056 Hiis
1269 2993 1424 3072 testibus,
1439 2997 1500 3059 ete

805 3217 887 3284 Cle.
911 3213 1119 3283 0000va

551 3375 655 3440 Corte
676 3368 839 3458 rnogtstrt'
861 3366 930 3434 ecci
952 3365 992 3433 dc
1014 3363 1164 3453 coquina
1187 3373 1375 3433 convectos.

358 3540 408 3590 in·
491 3529 606 3596 Sciant
627 3533 697 3592 tum
713 3526 891 3612 praesentes
907 3541 1006 3606 quam
1021 3519 1127 3583 futuri
1142 3519 1230 3604 quod
1255 3540 1315 3605 ego
1331 3519 1498 3599 Osbertus,

319 3623 373 3723 2n⁰
444 3632 508 3698 Dei
531 3631 640 3718 gratia
661 3629 763 3694 obbas
779 3623 1032 3698 Mahnesburiae,
1049 3621 1153 3687 totius
1169 3620 1315 3705 ejusdem
1338 3621 1402 3687 loci
1422 3644 1496 3689 eon·

320 3757 372 3790 ser
444 3738 566 3800 ventus
589 3751 757 3807 consensu,
781 3725 925 3793 concessi
948 3723 1140 3789 Alexandro
1162 3721 1232 3787 filio
1266 3723 1308 3788 N.
1333 3724 1422 3809 quod
1453 3725 1497 3789 sit

344 3844 351 3858 “
444 3837 529 3902 alter
544 3835 703 3922 magister
717 3851 812 3897 cocus
835 3829 872 3892 in
894 3825 1036 3912 coquina
1051 3823 1295 3903 monachorum,
1319 3831 1354 3890 et
1375 3825 1496 3892 habent

444 3937 627 4006 eorredium
658 3955 764 3998 unum
795 3931 832 3994 in
862 3949 948 4016 pane
981 3933 1015 3994 et
1048 3932 1141 4014 potu,
1175 3926 1261 3992 sicut
1291 3933 1387 4013 pater
1417 3950 1494 3994 suus

443 4041 571 4107 solebat
601 4039 731 4114 habere,
768 4039 916 4119 tempore
954 4029 1086 4095 abbotis
1124 4029 1281 4115 Gregorii,
1320 4035 1356 4094 et
1391 4051 1493 4094 unum

442 4143 594 4231 generale
616 4139 775 4206 ferculum
798 4133 1033 4201 monachorum
1055 4152 1128 4198 cum
1152 4131 1385 4218 legunrinibus,
1407 4133 1494 4218 quod

443 4251 557 4312 teneat
574 4246 650 4331 jure
672 4239 871 4308 hereditario
893 4258 968 4303 eum
991 4234 1144 4300 omnibus
1167 4234 1262 4298 bonis
1285 4234 1493 4300 eonsuetudi-

443 4350 550 4427 nibuS,
574 4346 660 4412 siout
681 4349 777 4432 pater
799 4361 877 4405 suus
899 4337 1018 4403 melius
1041 4341 1076 4400 et
1107 4335 1237 4422 plenius
1269 4336 1381 4402 tenuit
1411 4341 1493 4402 tem-

443 4474 520 4539 pore
552 4449 682 4515 abbatis
717 4443 874 4531 Gregorii,
907 4446 941 4506 et
969 4438 1107 4505 habebit
1138 4437 1315 4502 insolidum
1347 4438 1493 4525 quinque

442 4575 541 4630 acras,
566 4549 698 4624 seilicet,
721 4548 803 4612 duas
825 4565 916 4609 acras
940 4547 974 4608 et
996 4541 1134 4608 dimidia
1165 4539 1331 4617 frumenti,
1355 4546 1392 4605 et
1413 4541 1493 4606 duas

441 4677 532 4723 acras
564 4659 599 4719 et
622 4649 762 4716 dimidia
793 4667 916 4723 avenae,
945 4644 1000 4709 vel
1031 4645 1143 4710 decem
1173 4641 1294 4709 solidos
1328 4641 1357 4706 si
1392 4642 1493 4708 abbas

440 4757 590 4824 voluerit.
