3526 5810
455 874 520 936 258
711 887 908 936 Raursrauu
932 889 1257 942 umuassusmrsa

452 1072 602 1139 homines
633 1078 668 1138 et
705 1095 817 1139 omnes
851 1073 998 1140 feminas.
1045 1073 1089 1139 Et
1120 1074 1199 1160 quia
1222 1073 1296 1140 volo
1319 1075 1409 1159 quod
1440 1075 1513 1140 haeo

453 1195 527 1242 mea
558 1175 692 1241 donatio
724 1181 757 1240 et
791 1174 956 1243 concessio
990 1181 1064 1240 rate
1098 1181 1133 1240 et
1163 1175 1355 1242 inconcusse
1378 1182 1514 1242 maneat

454 1277 706 1364 imperpetuum,
721 1276 807 1346 hano
822 1282 948 1346 cartam
963 1275 1072 1364 sigillo
1091 1297 1164 1344 meo
1187 1278 1386 1346 confirmavi.
1435 1277 1514 1342 Hiis

456 1379 605 1458 testibus,
628 1385 688 1447 eto.

806 1632 886 1700 ΟΔΡ.
910 1632 1166 1702 CCCLXXVII.

459 1781 564 1850 Oartu
586 1778 724 1850 domiui
745 1779 876 1848 abbatie
899 1787 928 1847 et
950 1789 1130 1848 corruentes
1148 1779 1399 1848 Morimeeiurr're
1416 1780 1512 1869 faeta

792 1881 911 1969 priori
933 1881 973 1948 de
994 1881 1188 1967 Farolephe.

290 2035 312 2089 f·
323 2034 404 2087 1591-
502 2027 676 2096 Universis
699 2027 825 2094 Christi
848 2027 1001 2094 fidelibus
1025 2051 1170 2114 praesens
1193 2030 1352 2116 seriptum
1386 2030 1513 2117 inspee-

290 2113 430 2232 ffihffi
457 2131 550 2210 turis,
593 2130 774 2197 willelmus
812 2129 877 2196 Dei
917 2129 1026 2217 gratia
1063 2131 1165 2196 abbas
1203 2131 1456 2211 Melmesburim,
1480 2136 1515 2196 et

291 2246 437 2314 Allington.
458 2233 604 2319 ejusdem
635 2234 699 2300 looi
722 2236 912 2310 eonventus,
936 2232 1076 2298 salutem
1110 2238 1268 2300 aeternam
1303 2235 1339 2300 in
1362 2235 1514 2301 Domino,

457 2335 600 2402 Noverit
637 2335 836 2402 universitas
869 2337 981 2400 vestre
1014 2355 1074 2400 nos
1102 2337 1305 2414 concessisse,
1328 2358 1388 2423 pro
1420 2337 1514 2402 nobis

458 2445 492 2504 et
525 2438 763 2506 suecessoribus
796 2437 926 2516 nostris,
951 2437 1085 2504 domino
1109 2437 1278 2525 Stephano
1312 2439 1376 2504 Dei
1407 2441 1515 2528 gratia

456 2541 558 2627 priori
581 2541 621 2606 de
645 2539 837 2627 Famieghe,
860 2545 895 2606 et
917 2539 1065 2626 ejusdem
1086 2540 1148 2607 looi
1185 2542 1372 2621 conventui,
1395 2564 1513 2608 novem

457 2664 548 2710 aoros
581 2648 679 2709 terrae
701 2641 835 2710 arabilis
870 2641 906 2706 in
938 2663 1053 2728 eampo
1087 2643 1239 2709 orientali
1272 2644 1313 2710 de
1337 2643 1514 2709 Alintone:

458 2768 598 2833 quarum
621 2747 696 2812 duae
718 2767 801 2812 aerae
825 2749 859 2811 et
881 2745 1021 2810 dimidia
1047 2744 1161 2830 jaeent
1183 2767 1281 2832 super
1302 2747 1454 2814 brueram
1478 2747 1513 2810 in

457 2854 551 2934 parte
573 2847 711 2915 australi
734 2849 774 2914 de
800 2845 970 2926 Heiwode,
995 2847 1070 2912 duee
1093 2869 1176 2914 aorae
1199 2854 1234 2913 et
1256 2849 1395 2915 dimidia
1417 2871 1516 2936 super

459 2949 739 3031 Soherneberewe,
783 2956 850 3015 tres
896 2969 980 3016 aorae
1035 2970 1133 3036 super
1182 2949 1514 3028 Fouleswikeshulle,

458 3076 526 3120 una
560 3075 635 3122 aera
661 3053 763 3140 juxta
794 3056 920 3138 septem
953 3073 1045 3118 aoros
1084 3056 1180 3118 terrae
1215 3052 1296 3119 dieti
1328 3054 1455 3140 prioris,
1478 3056 1514 3119 in

458 3155 658 3221 esoambium
690 3159 765 3220 octo
802 3174 954 3220 serarum
989 3158 1024 3218 et
1057 3153 1204 3220 dimidiae
1237 3161 1334 3221 terrae
1372 3155 1512 3221 arabilis.

459 3257 551 3338 Quas
584 3257 718 3344 quidem
750 3262 824 3322 ooto
857 3276 949 3322 aoros
981 3259 1016 3320 et
1048 3255 1219 3321 dimidiam
1253 3257 1335 3322 dieti
1368 3258 1460 3343 prior
1480 3263 1514 3322 et

458 3365 641 3427 eonventus
663 3359 853 3425 habuerunt
875 3358 911 3423 in
938 3358 1061 3443 campis
1085 3362 1119 3423 et
1140 3358 1178 3422 in
1194 3358 1229 3424 la
1252 3359 1456 3427 Rowemerse
1477 3362 1514 3425 in

458 3462 652 3529 occidentali
674 3467 768 3549 parte
790 3461 881 3527 villse
903 3461 944 3526 de
961 3461 1138 3526 Alintone:
1153 3461 1317 3540 videlieet,
1340 3470 1408 3528 tres
1424 3485 1514 3530 aeras

457 3571 491 3629 et
508 3563 679 3628 dimidiam
695 3563 738 3628 ad
754 3567 883 3649 portam
905 3562 946 3627 de
969 3561 1178 3628 Fouleswike
1201 3585 1300 3650 super
1315 3561 1351 3629 lo
1367 3562 1528 3642 Bourue„

458 3667 604 3753 quinque
636 3685 726 3732 aeres
763 3666 799 3728 in
833 3663 869 3730 iu
903 3663 1107 3730 Roweuwree
1145 3686 1218 3750 quae
1257 3687 1291 3730 se
1329 3667 1515 3732 extendunt

458 3791 555 3856 super
577 3789 712 3855 gravam
747 3773 782 3832 et
819 3766 854 3832 lo
877 3765 1069 3853 Homerofte
1092 3767 1133 3832 de
1164 3766 1380 3834 Fouleswike
1428 3769 1513 3835 Con-⁴

458 3873 613 3938 cessimus
645 3871 745 3936 etiam
777 3870 876 3936 dietis
907 3869 1007 3955 priori
1046 3875 1080 3934 et
1117 3871 1295 3935 conventui
1335 3878 1369 3937 et
1404 3895 1517 3938 eorum

459 3973 697 4041 suecessoribus
731 3972 902 4038 duodecim
934 3993 1025 4038 aoros
1056 3976 1154 4038 terroe
1177 3973 1311 4038 arabilis
1333 3974 1370 4038 in
1392 3977 1518 4061 campis

459 4078 500 4143 de
523 4077 703 4155 Alintone;
727 4095 867 4161 quarum
889 4094 957 4139 una
979 4094 1055 4141 aera
1080 4073 1171 4160 jeoet
1192 4096 1291 4162 super
1322 4073 1358 4141 lu
1381 4075 1517 4156 initote,

460 4181 535 4246 duee
568 4201 652 4246 aorae
682 4177 783 4263 juxta
806 4175 842 4243 lu
865 4175 1033 4262 Moritirye
1066 4176 1102 4240 in
1135 4181 1276 4264 utraque
1307 4183 1410 4264 parte,
1443 4184 1512 4244 tres

459 4282 594 4368 partioae
621 4280 723 4366 juxta
756 4277 929 4356 Vemhale,
952 4299 1020 4343 una
1052 4279 1178 4365 partica
1207 4279 1309 4366 juxta
1332 4277 1368 4346 lu
1389 4279 1520 4346 1101111-

461 4383 534 4462 tite,
558 4403 626 4447 una
656 4403 732 4448 aera
764 4384 798 4447 et
830 4379 968 4445 dimidia
999 4401 1099 4467 super
1132 4380 1354 4469 Berforlonge,
1378 4381 1519 4449 dimidia

460 4507 535 4552 aere
566 4484 667 4569 juxta
689 4485 779 4549 viam
802 4481 986 4560 Bathoniae,
1009 4504 1078 4548 una
1113 4503 1189 4550 aera
1212 4505 1310 4570 super
1335 4482 1371 4550 lu
1400 4483 1519 4551 Weihe-

460 4587 569 4674 oreste,
601 4608 669 4652 una
700 4609 775 4654 aere
807 4607 880 4672 quse
914 4591 1053 4652 vocatur
1091 4585 1298 4664 Hurtesaore,
1338 4607 1406 4651 una
1443 4609 1521 4653 aera

460 4710 558 4775 super
580 4687 755 4766 Vemhale,
778 4709 845 4753 une
876 4708 952 4754 aera
984 4708 1083 4774 super
1117 4688 1205 4753 viam
1237 4688 1420 4766 Bathoniae,
1443 4689 1520 4755 duee

464 4813 548 4859 aorae
582 4812 681 4877 super
703 4789 739 4856 lu
762 4789 868 4856 Helle
891 4790 927 4855 in
950 4795 1045 4876 parte
1068 4789 1221 4857 orientali
1245 4789 1335 4856 villae
1357 4792 1398 4856 de
1421 4791 1520 4857 Alin-
