3600 5806
568 916 766 968 unulsrnum
789 915 1112 968 summensteten.
1325 905 1366 968 55

309 1095 503 1180 justiciariis
537 1099 780 1178 itinerantibus,
804 1105 839 1166 et
861 1099 935 1167 aliis
959 1099 1084 1166 domini
1107 1098 1193 1186 regis
1215 1097 1368 1164 fidelibus

314 1203 393 1265 tune
409 1200 458 1264 ibi
480 1201 709 1286 presentibus,
724 1203 812 1268 inter
828 1201 1025 1268 Gaufridum
1041 1201 1082 1266 de
1098 1200 1238 1266 Bemers
1253 1206 1367 1286 peten-

313 1307 388 1378 tem,
405 1303 467 1387 [et]
483 1303 507 1367 J
508 1303 670 1369 ohannem
694 1305 848 1370 abbatem
872 1303 912 1368 de
936 1303 1177 1381 Malmesburia,
1195 1325 1293 1388 quem
1310 1303 1368 1366 Ri-

314 1404 430 1468 cardus
453 1405 494 1470 de
510 1406 724 1472 Husseburne
740 1408 874 1473 vocavit
896 1407 939 1472 ad
954 1410 1141 1472 warantum
1165 1405 1206 1469 de
1229 1405 1369 1470 dimidia

313 1505 392 1570 hida
423 1513 519 1574 terrae
551 1530 625 1574 cum
660 1509 870 1596 pertinentiis
905 1510 941 1572 in
965 1505 1110 1585 Ewlme)
1145 1529 1244 1592 quam
1281 1507 1368 1572 idem

314 1606 494 1674 Gautridus
532 1611 692 1678 clamavit
730 1633 845 1677 versus
878 1611 1074 1696 praedietum
1113 1609 1300 1686 Ricardum,
1334 1599 1380 1675 etu

315 1730 413 1794 quam
444 1716 566 1778 terram
600 1714 778 1799 praedictus
809 1712 912 1780 abbas
944 1713 1007 1799 ipsi
1040 1712 1181 1778 Ricardo
1213 1711 1369 1778 waranti-

313 1813 413 1890 zavit
428 1820 463 1879 et
485 1815 573 1880 unde
596 1815 756 1901 placitum
780 1816 847 1880 t'uit
868 1816 1026 1880 intereos
1049 1815 1085 1878 in
1108 1813 1246 1900 praefata
1261 1813 1369 1880 euna:

313 1914 437 1981 scilieet
459 1916 547 2001 quod
581 1917 763 2003 praedictus
787 1917 967 1982 Gaufridus
991 1916 1118 1982 remisit
1152 1921 1187 1980 et
1218 1917 1367 2001 quietum

316 2015 472 2082 clamavit
495 2019 536 2084 de
568 2041 603 2083 se
635 2027 669 2084 et
699 2019 876 2084 heredibus
908 2020 976 2084 suis
1010 2017 1168 2104 praedicto
1199 2017 1312 2083 abbati
1335 2021 1370 2081 et

315 2120 551 2186 suecessoribus
575 2122 651 2198 suis,
675 2127 710 2186 et
732 2121 876 2186 ecelesiae
898 2143 967 2186 sure
998 2121 1038 2185 de
1063 2120 1298 2185 Malmesburia
1318 2119 1370 2184 in-

314 2226 518 2307 perpetuum,
542 2228 651 2288 tutum
669 2224 727 2309 jus
750 2229 785 2288 et
807 2223 961 2290 elamium
985 2223 1073 2308 quod
1098 2221 1218 2287 habuit
1239 2221 1275 2284 in
1298 2226 1371 2286 tota

315 2323 472 2408 praedieta
502 2330 591 2391 terra
621 2347 696 2390 eum
727 2326 944 2412 pertinentiis.
993 2325 1038 2388 Et
1070 2345 1128 2410 pro
1162 2324 1224 2388 hae
1257 2324 1370 2388 remis-

316 2425 415 2503 sione,
431 2427 544 2512 quieta
566 2427 773 2505 clamatione,
797 2428 863 2492 fine
887 2433 922 2491 et
944 2427 1125 2503 eoncordia,
1148 2426 1234 2490 idem
1258 2425 1370 2490 Ricar-

317 2526 387 2604 dus,
402 2530 461 2613 qui
483 2535 604 2594 terram
628 2529 719 2593 illam
737 2533 808 2594 tota
831 2529 903 2592 vita
925 2549 985 2592 sua
1007 2528 1047 2592 de
1071 2527 1228 2614 praedicte
1250 2528 1370 2593 abbate

317 2635 351 2694 et
373 2630 613 2696 suecessoribus
640 2631 767 2695 suiset
801 2630 936 2696 eeclesia
967 2651 1027 2695 sua
1062 2629 1103 2694 de
1137 2629 1372 2694 Malmesburia

318 2733 454 2812 tenebit,
479 2735 574 2798 dedit
606 2733 764 2820 praedicte
788 2732 948 2798 Gaufn'do
981 2738 1049 2796 tres
1083 2753 1208 2798 mareas
1240 2732 1370 2818 argenti

318 2839 352 2900 et
374 2835 556 2913 dimidiam,
580 2842 615 2900 et
638 2857 742 2900 unum
778 2836 985 2921 quarterium
1017 2832 1178 2900 frumenti
1212 2839 1247 2898 et
1278 2833 1370 2898 aliud

318 2937 521 3022 quarterium
544 2937 585 3002 de
608 2937 793 3005 Meeteilon.

743 3125 823 3194 cn.
848 3124 950 3193 0011.
1076 3149 1082 3162 ·

391 3255 559 3322 Gerwessio
578 3253 675 3341 furta
697 3254 837 3320 domim
862 3251 994 3318 Thomu
1017 3251 1057 3318 de
1079 3249 1249 3318 Puritoae
1271 3251 1311 3317 de

728 3356 877 3422 oratorio
899 3376 968 3422 sue.

365 3472 529 3538 Omnibus
551 3473 594 3538 ad
618 3493 708 3557 quos,
731 3477 800 3546 ete,
823 3471 854 3535 J.
879 3471 942 3535 Dei
965 3471 1075 3556 gratia
1097 3469 1199 3536 abbas
1218 3469 1370 3536 Malmes-
1384 3479 1517 3532 Gnatam

320 3575 432 3652 buriae,
467 3582 501 3640 et
535 3575 681 3660 ejusdem
713 3573 776 3640 loci
810 3579 1002 3652 conventus,
1025 3573 1172 3640 salutem.
1229 3547 1507 3640 NoveritMhapeL

319 3679 517 3744 universitas
539 3683 650 3744 vestra
672 3699 731 3742 nos
754 3677 826 3764 pari
857 3676 1028 3741 voluntate
1052 3681 1087 3741 et
1109 3697 1267 3741 consensu
1295 3697 1370 3742 con-

319 3780 450 3846 eessisse
488 3779 610 3845 dilecto
641 3783 675 3844 et
707 3778 797 3844 fideli
830 3783 942 3845 nostro
977 3776 1111 3842 Thomee
1150 3777 1190 3842 de
1224 3776 1371 3844 Piritone

319 3881 428 3958 militi,
455 3888 490 3947 et
521 3881 696 3947 heredibus
729 3881 808 3965 ejus,
832 3885 994 3966 quantum
1017 3879 1058 3946 ad
1090 3879 1145 3964 jus
1177 3884 1372 3966 patronatus

319 3977 483 4073 pertinet,
504 3985 641 4051 liberam
673 3984 762 4048 infra
793 3989 887 4068 septa
918 3983 1018 4048 euriae
1050 4004 1118 4047 suee
1150 3982 1190 4047 de
1224 3982 1371 4046 Piritone

320 4089 454 4154 oratorii
480 4088 621 4174 propriis
652 4086 840 4172 sumptibus
863 4092 897 4149 et
920 4084 1094 4170 stipendiis
1125 4085 1193 4148 suis
1228 4083 1371 4148 deservi-

320 4190 397 4254 endi
427 4189 713 4264 constructionem,
737 4187 837 4252 salvis
868 4186 903 4250 in
926 4187 1079 4252 omnibus
1102 4192 1136 4250 et
1169 4208 1227 4272 per
1261 4186 1373 4252 omnia

316 4291 391 4375 jure
414 4297 448 4356 et
477 4291 719 4377 indempnitate
750 4289 897 4355 matricis
919 4287 1062 4353 ecelesiae
1094 4289 1134 4353 de
1158 4287 1313 4364 Piritone,
1336 4288 1372 4352 in

321 4415 388 4478 qua
405 4393 462 4478 jus
485 4399 680 4480 patronatus
703 4392 823 4457 habere
856 4391 1064 4458 dinoscimur.
1112 4391 1146 4455 Is
1169 4395 1281 4455 autem
1314 4392 1372 4476 qui

320 4496 357 4560 in
378 4495 491 4562 eodem
516 4495 658 4562 oratorio
680 4517 739 4581 pro
770 4509 916 4579 tempore
939 4494 1188 4559 ministraturus
1211 4499 1269 4570 est,
1293 4499 1372 4559 ante

321 4597 432 4663 omnia
454 4597 648 4663 fidelitatem
672 4598 712 4662 de
735 4596 902 4683 praedictae
921 4595 1063 4662 eeclesiae
1087 4596 1127 4659 de
1151 4594 1298 4659 Piritone
1321 4595 1373 4658 in·

321 4699 526 4787 dempnitate
542 4699 732 4785 praestabit;
754 4698 918 4774 videlicet,
934 4697 1022 4782 quod
1037 4719 1076 4762 ea
1092 4718 1165 4782 quae
1188 4695 1230 4760 ad
1247 4695 1372 4762 dietum

622 4851 630 4885 ¹
647 4849 778 4918 Eymlm',
790 4849 817 4901 in
828 4849 872 4902 the
884 4847 992 4917 original
1002 4848 1061 4900 flne.
