3578 5808
492 907 692 959 asscensu
717 907 1042 960 umusssuamusn.
1250 893 1292 960 δέ)

236 1097 393 1186 Stanlege
416 1098 514 1164 etde
536 1097 772 1165 Melmesburia
805 1096 965 1163 abbatum
997 1119 1095 1186 super
1130 1099 1182 1164 his
1215 1121 1290 1187 pro*

235 1200 347 1267 vuum
369 1200 444 1278 fuit,
459 1199 610 1266 terminis
633 1199 770 1286 proinde
793 1199 993 1279 constitutis,
1008 1201 1058 1267 ita
1080 1201 1117 1266 in
1139 1203 1292 1270 omnibus

238 1309 274 1370 et
295 1325 355 1390 per
387 1303 500 1369 omnia
531 1303 776 1390 imperpetuum
809 1302 977 1370 consistat.
1025 1303 1069 1369 Et
1091 1305 1121 1368 si
1142 1305 1228 1372 forte
1251 1327 1294 1372 ex

235 1406 398 1472 alterutra
420 1409 515 1491 parte
539 1403 667 1491 aliquid
688 1403 814 1472 factum
836 1404 939 1470 fuerit
961 1410 1075 1472 contra
1097 1407 1291 1492 praedictam

235 1510 485 1596 dispositionem
509 1513 544 1575 et
565 1509 683 1574 finium
699 1508 980 1588 constitutionem,
995 1531 1054 1596 per
1069 1510 1179 1576 visum
1202 1512 1292 1600 legs·

236 1614 320 1678 lium
358 1613 530 1680 hominum
562 1611 764 1690 emendetur,
796 1632 896 1698 quam
926 1613 1025 1679 citiam
1062 1613 1105 1680 ad
1135 1615 1291 1681 notitiam

204 1785 207 1793 ,
235 1716 429 1782 alterutrius
466 1715 571 1803 pertis
608 1715 804 1801 pervenerit.
863 1715 961 1782 Hanc
998 1721 1111 1783 autem
1149 1739 1292 1784 conven-

236 1819 363 1885 tionem
385 1823 543 1884 tenentur
565 1818 666 1885 abbae
699 1815 734 1884 et
764 1824 948 1884 conventus
980 1819 1021 1885 de
1057 1821 1292 1889 Malmesburia

236 1922 336 1988 dietis
365 1922 479 1988 abbati
513 1927 548 1987 et
581 1921 761 1987 conventui
794 1920 835 1986 ds
860 1921 1017 2008 Stanlege
1040 1929 1155 1990 contra
1178 1946 1292 1992 omnes

238 2025 389 2091 homines
426 2024 650 2090 warantiaare.
702 2023 754 2088 Ut
784 2028 896 2090 autem
927 2024 1027 2110 hujus
1057 2027 1148 2113 pecie
1187 2027 1293 2096 forma
1305 2037 1324 2089 f.
1338 2041 1385 2090 res
1398 2037 1421 2088 t.

237 2129 338 2194 robur
375 2127 606 2213 perpetuitatis
644 2127 803 2205 obtineat,
833 2127 935 2193 abbas
965 2133 1000 2193 et
1037 2135 1219 2196 'conventus
1250 2134 1292 2200 de

237 2229 473 2296 Malmesburia
495 2235 530 2295 et
556 2230 596 2294 de
628 2229 784 2315 Stsnlege
814 2229 952 2295 eandem
982 2232 1139 2317 praesenti
1169 2235 1291 2322 scripto

237 2339 272 2402 et
295 2331 477 2420 sigillorum
499 2353 632 2398 suorum
656 2330 862 2418 appositione
885 2331 1170 2400 confirmaverunt.

636 2569 717 2638 One.
741 2569 892 2637 CLXIX.

243 2723 449 2812 Compositio
471 2722 564 2790 ictor
586 2721 739 2790 αδδαδατα
760 2723 1015 2792 Malmssbass'oe
1038 2733 1067 2793 et
1090 2711 1295 2798 abraames

330 2827 486 2913 Stmatepe
505 2849 571 2914 pro
594 2826 748 2915 quodam
781 2849 966 2896 ammento
988 2829 1032 2898 ist
1062 2833 1220 2901 mosetto
1255 2833 1294 2900 de

332 2929 571 2998 Ootberiatocc.
1427 2953 1454 2960 ··

287 3069 451 3140 Omnibus
474 3067 603 3138 Christi
626 3067 782 3136 fidelibus
812 3091 956 3158 praesens
980 3073 1141 3160 scriptum
1172 3074 1294 3142 visuris
1306 3089 1466 3155 agreement

242 3175 296 3244 vel
320 3174 493 3254 audituris,
516 3171 686 3241 Johennes
709 3173 811 3241 abbas
834 3175 875 3242 de
891 3175 1134 3256 Melmesburia,
1159 3184 1193 3245 et
1208 3157 1435 3288 ejus-{2232

243 3279 317 3346 dem
341 3276 404 3346 loci
426 3281 620 3355 conventus,
643 3281 678 3342 et
692 3273 860 3344 Walterus
882 3279 985 3344 abbas
1009 3279 1049 3346 de
1073 3278 1237 3368 stanlege,
1261 3287 1370 3350 etture.

243 3382 393 3469 ejusdem
424 3381 487 3448 loci
510 3384 701 3458 conventus,
729 3379 870 3447 salutem
893 3381 930 3446 in
954 3381 1106 3452 Domino.
1152 3382 1295 3451 Noverit

245 3483 446 3551 universitas
483 3487 596 3549 vestra
629 3482 718 3568 quod
752 3503 826 3548 cum
858 3485 1083 3552 controversia
1116 3485 1295 3573 aliquando

241 3587 359 3655 habita
380 3587 425 3652 sit
448 3585 617 3652 internos
649 3581 817 3651 occasione
851 3585 1023 3672 cujusdam
1055 3608 1236 3662 communae
1258 3581 1294 3660 iu

242 3688 391 3756 manerio
414 3688 455 3754 de
479 3685 713 3765 (luderintone
737 3687 943 3754 sistendam
966 3689 1133 3758 amicabili
1165 3713 1295 3779 compo·

241 3792 360 3857 sitione
383 3790 492 3877 sopita
514 3794 572 3868 est,
596 3788 686 3875 quod
707 3787 809 3855 abbas
825 3796 860 3856 et
874 3797 1057 3858 conventus
1073 3793 1113 3858 de
1129 3793 1293 3881 Stanlege,
1407 3873 1411 3882 ,

241 3896 353 3960 omnia
375 3915 450 3980 quae
472 3892 600 3958 inclusa
621 3889 812 3958 habuerunt
834 3893 871 3958 in
894 3895 1008 3960 eodem
1032 3898 1185 3976 manerio,
1201 3919 1295 3964 muro

240 3999 295 4065 vel
317 3997 451 4074 fossata,
475 3996 530 4062 vel
552 3995 637 4072 haia,
661 3995 808 4061 habeant
824 4001 858 4061 et
873 4002 1010 4063 teneant
1031 3997 1127 4086 plene
1150 4006 1184 4066 et
1207 4001 1294 4086 paci-

241 4102 301 4168 fice
324 4101 576 4187 imperpetuum.
617 4096 754 4163 Pratum
777 4105 891 4165 autem
915 4101 1080 4187 quoddam
1103 4102 1144 4168 de
1166 4125 1231 4188 quo
1254 4104 1295 4170 lis

241 4205 315 4280 fuit,
339 4225 428 4269 anno
453 4223 518 4289 quo
549 4198 828 4287 campus1cadee
854 4203 890 4268 in
912 4209 1098 4284 werettum,
1123 4206 1296 4272 dimittent

241 4308 277 4373 in
321 4326 528 4374 communem
571 4307 749 4392 pasturam,
787 4305 892 4373 altero
938 4329 1025 4374 anno
1060 4308 1187 4375 faciant
1219 4309 1297 4377 inde

242 4409 333 4498 quod
360 4408 534 4474 voluerint.
587 4405 751 4472 Praeterea
788 4408 869 4475 dicti
891 4407 1017 4476 abbass
1047 4415 1081 4476 et
1115 4419 1297 4479 conventus

242 4514 283 4579 de
307 4510 465 4598 Stanlege
496 4511 577 4576 duos
600 4515 752 4577 tenentes
774 4511 905 4578 abbatis
928 4513 968 4578 de
992 4512 1227 4581 Melmesburis
1265 4524 1299 4583 et
1426 4541 1428 4544 ·

241 4635 356 4683 eorum
390 4634 588 4681 successores
618 4613 655 4679 in
687 4613 800 4680 eadem
838 4615 920 4680 villa
953 4616 1124 4695 tenebunt,
1162 4617 1198 4682 in
1236 4619 1298 4684 eis·

276 4842 285 4876 ¹
305 4839 399 4908 campis
411 4841 439 4891 in
451 4839 509 4894 ΜΒ.
746 4841 751 4910 Ι
798 4841 809 4876 ²
826 4842 925 4894 abbatis
937 4841 964 4893 in
975 4839 1031 4896 MS.
