3526 5810
575 911 773 964 nnorsrnuu
797 911 1118 964 uununsnunmrsn
1308 903 1370 968 231

320 1101 531 1188 pertinentiis
565 1103 642 1182 suis,
671 1103 828 1192 preediebo
866 1103 1008 1170 Rioordo
1042 1109 1076 1168 eb
1112 1102 1287 1170 heredibus
1318 1105 1373 1170 vel

319 1205 497 1292 assignabis
528 1207 596 1271 suis
636 1211 752 1274 eontra
789 1227 900 1272 omnes
938 1207 1092 1272 moniales
1129 1207 1372 1294 imperpebuum

320 1307 618 1373 warantizabimus.
664 1308 761 1388 Quod
795 1310 823 1373 si
846 1309 1062 1374 warantizore
1093 1330 1160 1373 non
1182 1310 1371 1395 poterimus,

320 1409 473 1474 volumus
511 1416 545 1476 eb
582 1432 642 1496 pro
679 1411 774 1476 nobis
812 1417 845 1476 et
883 1432 942 1498 pro
981 1413 1218 1478 suecessoribus
1250 1413 1371 1478 nostris

319 1513 534 1591 concedimus,
557 1514 647 1598 quod
680 1515 856 1599 praedictus
879 1514 1039 1580 Rioerdus
1070 1514 1125 1579 vel
1155 1514 1289 1580 heredes
1317 1515 1370 1580 vel

318 1615 477 1702 assignati
509 1615 562 1680 sui
592 1615 773 1682 rehabeant
804 1615 878 1682 illus
911 1621 1036 1702 sepiem
1063 1637 1154 1682 aeres
1176 1621 1272 1682 terrae
1295 1639 1369 1683 oum

319 1719 528 1804 pertinentiis
560 1721 637 1796 suis,
660 1740 742 1804 ques
773 1720 952 1804 praedictus
974 1719 1134 1786 Ricardus
1155 1719 1250 1784 nobis
1273 1721 1370 1785 remi·

318 1823 364 1886 sit
394 1827 434 1887 ub
464 1822 690 1908 supradiolum
722 1828 780 1888 est.
826 1823 871 1887 Et
901 1827 941 1887 ub
974 1822 1046 1888 haeo
1077 1823 1211 1889 donatio
1237 1828 1272 1888 eb
1293 1845 1370 1889 eon·

318 1925 420 1991 oessio
453 1930 566 1991 nostre,
588 1925 684 1990 firmo
717 1926 763 1990 sit
792 1925 985 2003 ululabilis,
1008 1925 1239 1992 honorantem
1263 1927 1369 1992 eidem

318 2025 459 2093 Rieordo
495 2027 640 2106 fecimus,
663 2031 698 2092 eb
735 2048 808 2092 eom
845 2027 961 2114 sigillis
998 2028 1119 2094 nostris
1156 2029 1368 2116 signavimus.

319 2130 395 2195 Hiis
426 2131 575 2209 testibus,
598 2131 741 2196 dominis
773 2130 927 2196 Johenne
949 2131 1124 2210 Mundum,
1148 2132 1296 2199 Golfrido
1328 2135 1369 2200 de

318 2232 430 2308 Modo,
453 2232 624 2310 militibus,
647 2232 801 2298 Johonne
822 2232 864 2296 de
887 2231 1144 2318 Hmekyneonu
1160 2231 1304 2299 Roberto
1328 2233 1368 2299 de

316 2336 350 2400 lo
384 2334 457 2413 Leo,
479 2335 640 2420 Wyberbo
671 2336 712 2400 de
744 2334 929 2414 Cherlbone,
953 2335 1099 2402 Henrieo
1130 2336 1161 2401 le
1184 2335 1279 2423 Seny,
1302 2336 1368 2402 Ro-

318 2459 395 2526 gero
427 2437 497 2504 filio
519 2436 639 2533 Rogeri
671 2437 712 2502 de
747 2436 933 2516 Cherlbone,
957 2437 1118 2507 Giliberbo
1149 2438 1190 2503 de
1213 2437 1367 2516 Gordino,

318 2541 456 2608 ebullis.

717 2742 795 2808 Gur.
821 2741 973 2811 OOOLV.

587 2894 708 2978 Quieto
731 2895 920 2963 olomoute'o
941 2895 1096 2983 ejusdem.

362 3049 476 3116 Seiani
498 3054 675 3136 praesenbes
708 3055 743 3114 eb
773 3050 879 3115 futuri
909 3051 998 3136 quod
1024 3073 1084 3137 ego
1106 3049 1267 3116 Ricardus
1290 3050 1366 3116 Pin·
1380 3063 1527 3126 Quitelnim

316 3155 385 3220 nol
418 3155 460 3219 ue
482 3152 673 3218 solomone
695 3153 832 3234 reunsi,
855 3154 966 3218 remis
989 3159 1024 3219 es
1046 3152 1195 3238 querum
1218 3153 1367 3233 clamavi,
1379 3129 1460 3249 33¹2?

316 3279 375 3342 pro
398 3279 451 3321 me
485 3260 519 3321 et
541 3255 716 3320 heredibus
738 3256 827 3332 meis,
851 3255 922 3320 Deo
945 3261 980 3321 eb
1002 3256 1145 3322 eoelesiae
1167 3256 1263 3320 Beeli
1285 3255 1367 3321 Ald-

316 3359 393 3426 elmi
427 3358 468 3423 de
501 3357 743 3434 ldolmesburio,
766 3363 801 3422 eb
834 3345 967 3423 domino
991 3357 1157 3423 Willelmo
1188 3357 1309 3436 abboli,
1333 3365 1368 3424 eo

218 3517 222 3528 ,
316 3461 484 3528 monoohis
515 3460 639 3526 ibidem
673 3460 744 3525 Deo
767 3461 995 3536 servientibus,
1017 3465 1127 3526 bolum
1153 3461 1209 3546 jus
1236 3466 1271 3527 eb
1302 3461 1368 3528 elo-

316 3566 421 3630 mium
443 3568 478 3630 eb
500 3568 608 3629 totum
631 3562 814 3628 dominium
829 3563 918 3648 quod
936 3563 1038 3628 habui
1061 3563 1115 3628 vel
1136 3563 1247 3649 aliquo
1269 3564 1366 3630 modo

316 3669 436 3734 habere
458 3667 562 3756 potui,
584 3667 621 3730 in
654 3664 721 3730 illis
752 3671 878 3752 septem
901 3666 984 3732 soris
1007 3671 1103 3732 lerrae
1126 3667 1268 3746 orabilis
1291 3688 1366 3753 quae

313 3772 425 3856 jooenb
447 3771 534 3834 inber
556 3769 646 3834 viam
669 3789 743 3853 quae
766 3789 801 3832 se
823 3769 916 3834 dueib
938 3790 1051 3834 versus
1077 3769 1303 3835 molendinum
1326 3771 1367 3835 de

318 3871 574 3948 Schotelesbure,
597 3876 631 3936 et
654 3892 786 3935 murum
817 3871 908 3958 porei
930 3871 971 3936 de
995 3869 1155 3937 Ooufaud.
1201 3870 1257 3938 Ito
1277 3874 1366 3957 quod

316 3997 376 4042 neo
398 3997 458 4061 ego
480 3997 540 4040 nee
563 3974 682 4060 aliquis
703 3974 861 4039 heredum
882 3973 935 4039 vel
958 3975 1197 4060 assignatorum
1219 3997 1366 4043 meorum

317 4076 450 4164 aliquod
477 4077 533 4162 jus
567 4076 621 4140 vel
658 4076 812 4142 olomium
843 4076 880 4140 in
917 4076 1083 4162 preediebis
1120 4082 1246 4164 septem
1282 4079 1366 4144 soris

317 4187 421 4259 terrie,
456 4201 513 4246 seu
545 4179 581 4243 in
618 4179 783 4264 aliquibus
817 4180 1034 4265 pertinentiis,
1072 4179 1182 4266 aliquo
1220 4185 1366 4266 tempore

317 4285 410 4348 nobis
434 4282 563 4368 exigere
586 4280 637 4344 vel
662 4280 836 4346 vendicare
870 4282 1039 4366 possimus.
1086 4282 1149 4348 Pro
1171 4282 1233 4348 hoo
1254 4287 1366 4348 autem
1469 4311 1473 4319 ·

316 4386 505 4452 remissione
540 4389 574 4448 et
606 4383 719 4469 quiete
750 4383 937 4463 elementia,
970 4385 1132 4450 dederunt
1169 4385 1253 4449 mihi
1283 4406 1366 4472 pree-

317 4490 425 4556 diebus
456 4487 557 4553 obbas
591 4494 626 4551 eb
659 4493 840 4551 convenius
872 4486 945 4552 illes
983 4493 1108 4573 sepiem
1146 4509 1236 4552 aeres
1270 4493 1367 4552 terroe

317 4591 450 4658 erabilis
474 4611 555 4676 ques
570 4589 738 4654 lohannes
760 4588 791 4654 le
815 4589 929 4654 Pomer
951 4589 1044 4655 dedit
1066 4589 1232 4676 praediolis
1254 4591 1496 4657 substinens.

317 4700 352 4762 el
373 4692 552 4760 eonvenbui
565 4717 573 4770 ;
595 4697 630 4756 eb
646 4692 760 4778 jacens
781 4692 948 4777 praediobae
968 4696 1092 4778 septem
1116 4714 1199 4758 aoros
1222 4693 1259 4758 in
1281 4715 1367 4758 oom-

318 4798 370 4885 pis
392 4797 433 4861 de
456 4793 647 4861 Boruhtone
670 4799 704 4859 eb
719 4793 928 4872 Thornhulle,
951 4800 1051 4880 prout
1073 4794 1263 4862 oertoinde
1285 4795 1369 4861 mihi
