3526 5810
465 865 529 930 224
717 879 917 930 ssorsrauu
941 877 1264 928 umusssuamusa
1362 953 1363 958 Ἰ

463 1064 517 1130 vel
540 1063 696 1130 elamium
727 1063 763 1128 in
794 1063 960 1149 praedietis
992 1063 1121 1130 duabus
1156 1063 1294 1150 virgatis
1329 1069 1425 1130 terrae
1460 1085 1516 1130 seu

463 1166 621 1243 domibus,
645 1165 698 1232 vel
722 1165 758 1231 in
780 1166 969 1254 curtillagio
991 1188 1050 1232 seu
1075 1165 1188 1244 crofta,
1210 1166 1265 1230 vel
1287 1167 1323 1232 in
1344 1165 1512 1252 aliquibus

464 1269 674 1357 pertinentiis
697 1270 773 1347 suis,
796 1269 909 1356 aliquo
932 1275 1078 1357 tempore
1101 1270 1196 1336 nobis
1218 1270 1392 1336 vendicare
1415 1271 1518 1356 possi-

464 1396 545 1440 mus.
592 1373 637 1438 Et
659 1374 695 1440 in
710 1381 713 1386 ’
728 1373 956 1440 testimonium
979 1373 1078 1458 hujus
1109 1373 1310 1440 remissionis
1330 1378 1365 1440 et
1396 1375 1518 1458 quietae

465 1476 746 1556 clementissmo
777 1477 938 1562 seriptum
971 1477 1094 1544 eisdem
1125 1476 1239 1544 abbati
1273 1481 1308 1542 et
1339 1477 1518 1544 conventui

464 1580 534 1658 feci,
558 1586 593 1647 et
615 1579 723 1666 sigillo
745 1601 817 1646 meo
839 1580 978 1667 signavi.
1024 1579 1101 1645 Hiis
1124 1579 1273 1658 testibus,
1297 1583 1357 1646 ete.

879 1798 959 1866 Gur.
984 1796 1106 1866 OOGL.

587 1937 635 2004 Do
648 1949 730 2004 'uoto
751 1937 926 2024 owaunpio
949 1945 978 2004 et
1001 1937 1107 2026 orosto
1130 1937 1173 2003 io
1197 1935 1397 2004 Ohelearthe.

382 2109 384 2113 ’
510 2079 682 2146 Universis
706 2078 830 2144 Christi
858 2078 1011 2144 fidelibus
1041 2100 1184 2166 praesens
1214 2079 1374 2164 seriptum
1397 2079 1518 2146 visuris

299 2162 453 2263 Ὓὲωὲο
466 2182 519 2247 vel
541 2182 712 2259 audituris,
729 2181 914 2246 Willelmus
932 2183 996 2248 Dei
1018 2182 1126 2269 gratia
1142 2182 1245 2248 abbas
1265 2181 1518 2261 Malmesburiae‚

299 2281 332 2358 ³5⁸
346 2296 385 2329 0¹⁵⁵
408 2295 437 2328 οἳ
465 2284 606 2350 salutem
628 2289 787 2350 aeternam
810 2284 847 2348 in
869 2285 1020 2350 Domino.
1067 2284 1208 2350 Noverit
1235 2283 1434 2362 universitas
1456 2307 1518 2350 nos

307 2363 350 2396 ¹⁰·
466 2388 639 2452 aaudiat
664 2387 796 2452 uarius
812 2393 847 2452 u
870 2387 1032 2465 essens,
1049 2386 1180 2452 filiabus
1197 2387 1362 2472 quonum
1379 2387 1518 2454 valeri

466 2491 497 2556 le
520 2489 597 2575 Hog
631 2490 672 2554 de
696 2489 913 2568 Cholewrthe‚
938 2511 1041 2554 unum
1075 2491 1280 2576 mesuagium
1307 2513 1382 2556 oum
1414 2491 1520 2558 orosto

467 2594 573 2658 eidem
593 2593 771 2678 adjacente,
794 2593 945 2658 omnihus
966 2593 1081 2658 diebus
1105 2594 1185 2658 vitae
1202 2613 1330 2659 earum:
1353 2595 1520 2660 reddendo

466 2697 543 2764 inde
566 2697 740 2764 annuatim
762 2698 939 2784 praeposito
962 2697 1015 2762 vel
1038 2697 1160 2762 ballivo
1183 2703 1295 2762 nostro
1318 2697 1359 2761 de
1376 2696 1518 2762 Oredde-

467 2798 561 2863 welle
585 2799 629 2864 ad
661 2799 782 2880 festum
813 2799 926 2864 Sancti
956 2799 1128 2864 Michaelis
1152 2797 1264 2864 decem
1298 2799 1457 2876 denarios,
1485 2805 1520 2866 et

467 2901 509 2965 ad
532 2900 655 2965 festum
678 2901 791 2965 Sancti
815 2901 904 2965 Petri
929 2901 1016 2986 quod
1041 2901 1163 2965 dieitur
1184 2901 1228 2964 ad
1250 2901 1392 2965 Vincula
1413 2923 1518 2965 unum

468 3005 647 3069 denarium.
694 3003 738 3067 Et
775 3004 873 3068 eitius
900 3025 965 3090 quo
990 3025 1057 3068 una
1080 3004 1242 3068 dictarum
1264 3003 1407 3068 filiarum
1430 3005 1519 3070 obie-

466 3108 520 3184 n't,
554 3129 628 3193 pars
663 3107 767 3194 ipsius
801 3107 842 3170 de
879 3107 1036 3191 praedieto
1070 3109 1237 3192 mesuagio
1267 3112 1302 3172 et
1335 3107 1439 3173 crofta
1475 3109 1520 3173 ad

467 3231 526 3274 nos
560 3215 595 3276 et
631 3231 829 3276 sueeeaaores
862 3213 990 3274 nostros
1019 3209 1090 3274 sine
1120 3209 1233 3294 aliqua
1262 3210 1520 3276 eontradiotione

468 3317 661 3378 revertatur.
722 3311 768 3377 Et
805 3311 958 3376 similiter
994 3332 1070 3397 pars
1110 3311 1246 3376 alterius
1284 3313 1324 3376 de
1362 3313 1521 3398 praedieto

468 3415 634 3502 mesuagio
657 3419 692 3480 et
713 3413 817 3482 crofta
839 3415 882 3480 ad
904 3436 964 3479 nos
985 3419 1019 3480 et
1040 3435 1238 3482 successores
1260 3419 1388 3482 nostros
1410 3437 1520 3482 rever-

468 3523 568 3596 tatur,
604 3519 703 3584 eitius
737 3540 802 3604 quo
835 3518 877 3584 de
911 3518 984 3605 ipsa
1017 3518 1213 3584 humanitus
1246 3519 1430 3612 eontigerit.
1476 3521 1520 3585 In

469 3622 562 3707 cujus
596 3622 642 3686 rei
677 3621 904 3688 testimonium
935 3620 997 3688 hoa
1019 3621 1179 3706 scriptum
1213 3621 1408 3708 bipertitum
1431 3621 1520 3688 inter

469 3745 528 3789 nos
552 3729 602 3789 est
617 3724 811 3801 confectum,
827 3728 861 3788 et
884 3723 1001 3810 sigillis
1019 3724 1140 3789 nostris
1155 3723 1345 3790 alternatim
1367 3725 1522 3812 appensis

469 3827 666 3894 roboratum.
713 3825 788 3890 Hiis
811 3825 961 3904 testibus,
984 3831 1043 3894 eta

933 4025 1051 4094 Prius.

515 4158 689 4223 Universis
712 4156 837 4224 Christi
867 4157 1019 4222 fidelibus
1050 4177 1192 4242 praesens
1219 4157 1378 4244 seriptum
1400 4157 1521 4224 visuris

335 4261 351 4294 ⁸
381 4282 387 4294 ·
470 4262 524 4328 vel
556 4260 728 4338 audituris,
762 4259 948 4326 Willalmus
970 4259 1034 4324 Dei
1055 4260 1164 4345 gratia
1189 4261 1290 4326 abhas
1322 4260 1520 4328 Malmosbu-

472 4365 539 4447 riae,
562 4363 702 4429 salutem
724 4366 883 4428 aeternam
905 4362 942 4427 in
964 4361 1114 4430 Domino.
1162 4362 1303 4430 Noverit
1321 4363 1520 4432 universitas

472 4469 583 4533 vestra
620 4486 680 4530 nos
729 4465 902 4532 tradidisse
941 4463 1073 4532 Matildi
1116 4469 1149 4528 et
1187 4463 1351 4540 Oristinm,
1388 4465 1521 4532 filiabus

473 4569 639 4655 quondam
654 4565 793 4634 Walteri
817 4567 848 4632 le
862 4567 940 4653 Hog
962 4568 1003 4634 da
1023 4565 1258 4645 Cheleworthe,
1275 4589 1379 4634 unum
1394 4591 1521 4636 mesua-

473 4674 564 4760 gium
588 4693 661 4738 eum
677 4671 783 4737 crofta
798 4672 904 4736 eidem
926 4671 1105 4756 adjacente,
1129 4671 1280 4736 omnihus
1303 4673 1418 4738 diebus
1440 4674 1520 4739 vitae

473 4797 607 4841 earum:
628 4773 795 4839 reddendo
816 4772 894 4840 inda
919 4774 1092 4842 annuatim
1118 4775 1293 4860 praeposito
1314 4774 1368 4840 vel
1398 4775 1520 4841 ballivo
