3524 5808
455 863 519 932 386
867 875 1047 927 messum
1070 875 1092 926 1.

454 1067 768 1156 transgressionibus
811 1067 987 1153 praedictis,
1027 1065 1181 1130 volumus
1229 1070 1264 1129 et
1301 1064 1510 1132 concedimus

455 1171 543 1257 quod
575 1170 663 1236 idem
694 1169 796 1235 abbas
821 1169 862 1234 de
894 1173 1011 1234 eaetero
1045 1189 1113 1232 non
1139 1167 1371 1244 occasionetur,
1393 1166 1510 1233 moles-

455 1279 554 1351 tetur,
587 1294 644 1338 seu
682 1277 848 1358 gravetur,
882 1292 992 1336 coram
1026 1270 1286 1356 quibuscumque
1316 1269 1511 1355 justiciariis

456 1375 586 1453 nostris,
621 1394 679 1440 seu
710 1374 879 1451 ministris,
916 1374 953 1437 in
990 1372 1101 1458 aliquo
1139 1373 1306 1439 occasione
1343 1372 1510 1459 praediote.

459 1479 500 1542 ln
531 1477 625 1564 cujus
656 1477 703 1541 rei
735 1476 962 1542 testimonium
996 1475 1056 1540 has
1090 1474 1219 1540 litteras
1252 1479 1382 1540 nostres
1404 1473 1510 1568 eidem

458 1581 528 1646 fleri
552 1579 688 1646 fecimus
710 1583 890 1665 petentes·
915 1577 1012 1643 Teste
1036 1570 1193 1665 magistro
1217 1576 1266 1640 W.
1293 1577 1333 1642 de
1357 1577 1511 1653 Msrchia,

458 1682 662 1748 thesaurario
685 1686 797 1747 nostro
820 1680 909 1766 opud
932 1678 1123 1756 Westmon,
1146 1701 1178 1744 x.
1202 1679 1256 1743 die
1279 1677 1401 1755 Martii,
1424 1700 1511 1744 nnno
1613 1731 1617 1738 .

458 1785 550 1870 regni
573 1783 678 1848 nostri
701 1781 827 1849 decimo
849 1802 945 1846 nono.

461 2033 564 2098 Corte
587 2031 725 2100 domini
746 2033 835 2117 repis
858 2031 1057 2118 E[clwcrdt]
1080 2033 1121 2098 cle
1152 2033 1327 2117 mesuagio
1359 2039 1389 2098 et
1422 2038 1512 2098 terro

547 2134 694 2201 Rioerdi
726 2135 766 2200 cle
800 2135 965 2200 Portenta
1002 2135 1045 2199 ts
1081 2133 1284 2200 Ttomtolle
1318 2141 1348 2200 et
1378 2133 1512 2200 mechus

550 2237 694 2322 virgatis
736 2243 832 2302 tcrrce
877 2258 956 2301 com
997 2236 1218 2324 pertireerttiis
1255 2235 1428 2302 Jotocsis
1473 2235 1511 2300 de

550 2338 655 2404 Hullc
678 2338 720 2403 ire
742 2338 828 2403 61116
850 2337 890 2403 de
916 2337 1050 2403 Oolcmw
1072 2337 1140 2404 sibi
1162 2339 1441 2425 emmopriartdis.

508 2515 691 2582 Edwerdus
726 2513 789 2579 Dei
819 2515 928 2602 gretie
950 2537 1009 2580 rex
1033 2515 1171 2602 Angliae,
1196 2516 1348 2580 dominus
1383 2514 1510 2599 Hyber-

464 2617 537 2694 nise,
573 2622 608 2682 et
641 2617 709 2681 dux
744 2616 944 2702 Aquitaniae,
976 2617 1126 2681 omnibus
1160 2617 1202 2682 ad
1234 2639 1315 2702 quos
1338 2622 1512 2703 praesentes

463 2720 584 2786 littere
618 2719 840 2806 pervenerint,
874 2719 1023 2785 salutem.
1069 2720 1162 2785 Licet
1184 2720 1224 2784 de
1247 2720 1412 2785 communi
1439 2741 1512 2785 con-

461 2823 535 2890 silio
570 2824 663 2908 regni
698 2823 802 2887 nostri
836 2822 1050 2887 statuerimus
1082 2822 1171 2908 quod
1205 2844 1271 2887 non
1305 2823 1402 2888 liceat
1433 2823 1512 2886 siris

460 2924 621 3010 religiosis
644 2945 701 2989 seu
725 2923 800 2988 aliis
823 2923 951 3010 ingredi
974 2922 1105 2988 feodum
1129 2924 1276 3010 alicujus,
1293 2925 1342 2989 ito
1362 2923 1449 3010 quod
1471 2922 1513 2989 ed

460 3047 596 3091 manum
639 3030 802 3091 mortuum
842 3025 1005 3104 deveniet,
1043 3025 1114 3090 sine
1152 3025 1286 3091 licentis
1322 3031 1442 3103 nostre,
1480 3032 1513 3090 61

462 3127 613 3214 capitulis
647 3128 783 3204 domini,
816 3127 856 3192 de
889 3148 954 3213 quo
987 3149 1038 3192 res
1070 3127 1128 3192 ille
1160 3128 1341 3193 immediate
1364 3133 1512 3192 tenetur:

462 3231 610 3295 volentos
642 3235 754 3295 temen
786 3227 928 3293 Riserdo
966 3228 1007 3291 de
1038 3227 1073 3292 16
1105 3227 1272 3305 Posterne,
1304 3233 1340 3294 et
1368 3228 1514 3294 «Iohanni

462 3332 503 3396 ds
537 3332 570 3396 16
607 3330 709 3396 Hulle
747 3330 889 3416 gretiam
928 3330 1033 3396 fecere
1063 3331 1245 3416 specialem,
1280 3331 1431 3396 dedimus
1468 3333 1515 3396 eis

462 3435 630 3502 licentium
662 3438 823 3519 quantum
857 3433 893 3497 in
915 3432 1011 3497 uobis
1034 3438 1106 3511 est;
1128 3433 1291 3510 videlicet,
1314 3435 1403 3519 quod
1433 3456 1514 3520 prze-

462 3537 570 3603 dictus
592 3535 753 3601 Ricardus
788 3557 892 3599 unum
924 3535 1127 3620 mesuagium
1161 3541 1196 3600 et
1221 3537 1396 3622 sexaginta
1424 3559 1515 3602 acres

462 3647 567 3716 terme,
599 3661 674 3704 cum
698 3637 908 3724 pertinentiis
942 3638 978 3700 in
1001 3636 1203 3703 Tlrornhulle
1230 3639 1332 3724 juxte
1364 3639 1514 3704 illelmus-

463 3743 604 3820 birism;
642 3747 676 3806 et
708 3741 887 3829 praedictus
919 3739 1088 3805 lohannes
1121 3740 1203 3804 duas
1240 3741 1387 3828 virgatas
1419 3747 1515 3808 terrae

463 3867 538 3912 oum
572 3844 782 3931 pertinentiis
813 3844 849 3907 in
873 3841 1018 3920 Oolerne,
1042 3843 1120 3908 dero
1144 3843 1272 3929 possint
1294 3849 1328 3908 et
1350 3844 1516 3930 assignare

464 3947 593 4013 dilectis
634 3946 729 4012 nobis
767 3945 803 4008 in
841 3943 974 4010 Christo
1019 3944 1133 4010 abbati
1180 3950 1213 4010 61
1258 3947 1436 4012 conventui
1474 3947 1518 4012 de

465 4048 717 4115 Malmesburie:
747 4047 936 4114 habendum
969 4051 1003 4112 et
1034 4048 1213 4112 tenendum
1240 4047 1304 4113 sibi
1336 4054 1372 4113 et
1393 4070 1519 4115 sueces-

463 4151 590 4216 soribus
626 4150 694 4214 suis
729 4149 991 4235 imperpetuum:
1014 4154 1048 4214 et
1083 4149 1206 4215 eisdem
1240 4150 1354 4216 abbati
1385 4155 1520 4216 61666-

463 4255 579 4319 ventui
612 4253 699 4338 quod
734 4253 937 4339 mesuagium
969 4251 1053 4319 illud
1086 4257 1121 4318 et
1148 4253 1321 4339 predictas
1343 4255 1521 4340 sexaginte

464 4379 556 4423 acras
579 4361 684 4433 terme,
707 4377 782 4422 cum
804 4355 1014 4441 pertinentiis
1038 4355 1073 4419 in
1096 4355 1298 4422 Thornlrulle
1317 4356 1419 4442 juxte
1433 4357 1519 4421 1161-

462 4459 671 4535 mesburiem‚
686 4457 856 4544 epraefato
869 4456 1018 4538 RioerdO,
1035 4462 1069 4522 61
1084 4459 1257 4544 praedietss
1273 4459 1355 4524 dues
1371 4459 1520 4546 virgstss

462 4568 559 4630 terme
591 4582 665 4626 oum
688 4557 897 4646 pertinentiis
924 4559 960 4622 in
984 4557 1128 4638 Oolerne,
1151 4582 1172 4625 6
1201 4560 1343 4646 prsefeto
1364 4561 1521 4627 Johsnne

461 4667 604 4752 recipere
639 4663 774 4749 possint,
798 4665 910 4726 tenore
933 4663 1146 4748 praesentium
1173 4662 1327 4728 similiter
1348 4664 1519 4731 licenciam

461 4767 667 4834 concedimus
701 4764 882 4850 specialem.
929 4763 1087 4830 Nolentes
1120 4766 1209 4853 quod
1231 4765 1331 4832 iidem
1355 4767 1519 4836 Ricardus
