3566 5820
410 835 473 910 176
663 855 861 908 REGISTRUM
885 855 1205 911 MALMESBURIENSE.

808 1136 889 1206 Gar.
912 1136 1059 1207 OOOIX.

410 1301 513 1370 Oortu
530 1301 627 1392 facto
653 1299 824 1368 Eduardo
850 1302 878 1368 le
899 1301 1018 1388 saepe
1039 1311 1068 1370 ct
1084 1301 1234 1370 leubellae
1256 1302 1360 1372 acori
1381 1325 1451 1370 sure

601 1404 641 1471 de
664 1403 813 1496 quodem
835 1404 1010 1492 mesuagio
1032 1403 1075 1472 io
1097 1403 1280 1474 Burnecat.

453 1564 627 1631 Universis
652 1565 777 1634 Christi
799 1565 952 1631 fidelibus
983 1587 1126 1652 praesens
1157 1568 1316 1654 scriptum
1339 1567 1459 1634 visuris

408 1669 462 1734 vel
477 1669 650 1750 audituris,
670 1668 851 1734 Willelmus
874 1669 937 1734 Dei
959 1669 1068 1756 gratia
1089 1669 1190 1736 abbas
1210 1670 1459 1749 Malmesburiae,

250 1797 255 1814 ‚
284 1817 290 1832 .
409 1775 444 1834 et
458 1769 604 1854 ejusdem
627 1771 690 1836 loci
710 1777 900 1848 conventus,
916 1771 1055 1836 salutem
1076 1776 1235 1838 aeternam
1257 1773 1294 1836 in
1309 1773 1460 1839 Domino.

409 1872 551 1937 Noverit
573 1873 772 1938 universitas
796 1877 907 1940 vestra
929 1896 988 1939 nos
1011 1875 1205 1939 concessisse
1233 1874 1396 1940 Eduardo
1419 1877 1460 1940 de

409 1977 512 2042 Laooc
540 1981 574 2042 et
597 1975 761 2042 Ysabellae
791 1976 831 2042 de
853 1976 887 2041 la
909 1976 1033 2054 Onoiie,
1057 1977 1209 2042 omnibus
1241 1977 1357 2042 diebus
1379 1979 1459 2045 vitae

409 2098 657 2158 communem
687 2080 892 2166 mesuagium
915 2099 989 2144 cum
1013 2077 1200 2164 curtillagio
1231 2079 1337 2145 eidem
1368 2081 1459 2166 adja-

409 2186 512 2258 cente,
528 2201 685 2247 unacum
706 2180 893 2267 cartillagio
917 2182 1004 2266 quod
1019 2181 1088 2245 fuit
1108 2181 1285 2266 aliquando
1301 2182 1459 2248 Willelmi

410 2284 538 2362 Richer‚
562 2284 742 2369 capellani3
773 2283 857 2349 iilud
890 2283 1014 2348 scilicet
1045 2283 1249 2368 mesuagium
1279 2286 1368 2369 quod
1394 2285 1460 2350 suit

410 2386 587 2470 aliquando
610 2385 778 2472 Radulphi
802 2385 832 2448 le
855 2385 1014 2450 Marescal
1049 2386 1085 2448 in
1117 2384 1303 2450 Burneval:
1335 2385 1458 2452 haben-

409 2488 487 2552 dum
520 2495 555 2553 et
587 2487 766 2554 tenendum
789 2492 898 2550 totum
929 2488 1124 2572 praedictum
1156 2489 1361 2574 mesuagium
1385 2512 1458 2554 cum

408 2590 604 2676 curtillagiis
627 2588 801 2675 praedictis,
823 2593 857 2652 et
880 2588 1032 2654 omuibus
1055 2589 1129 2653 aliis
1152 2591 1361 2674 pertinentiis
1383 2592 1461 2668 suis,

409 2694 506 2758 dictis
533 2692 696 2756 Eduardo
723 2696 758 2756 et
780 2689 951 2768 Ysabeilae‚
976 2691 1016 2754 de
1047 2692 1143 2756 nobis
1166 2697 1200 2756 et
1223 2695 1460 2759 successoribus

408 2795 540 2874 nostris,
561 2794 713 2860 omnibus
745 2791 861 2860 diebus
892 2793 973 2860 vitae
1009 2814 1141 2860 eorum:
1179 2795 1346 2877 reddendo
1384 2796 1460 2860 inde

408 2897 581 2962 annuatim
612 2896 755 2961 sacristae
778 2899 890 2959 nostro
914 2894 971 2980 qui
1001 2917 1060 2985 pro
1091 2900 1237 2982 tempore
1269 2896 1378 2974 fuerit,
1402 2920 1461 2983 pro

407 2999 575 3086 mesuagio
604 2996 763 3084 praedicto
779 3001 814 3062 et
837 2996 1024 3084 curtillagio
1054 2999 1160 3063 eidem
1183 2999 1363 3087 adjacente,
1388 3023 1461 3064 sex·

408 3104 512 3169 decim
554 3100 704 3166 denarios
742 3103 777 3164 et
815 3099 957 3176 obolum,
997 3104 1031 3164 ct
1061 3122 1120 3186 pro
1155 3100 1340 3188 curtillagio
1373 3103 1460 3188 quod

406 3207 475 3272 fuit
509 3203 590 3269 dicti
623 3201 782 3266 Willelmi
814 3199 935 3266 Richer
969 3201 1050 3264 duos
1084 3202 1212 3279 solidos,
1245 3204 1286 3268 ad
1320 3209 1461 3289 quatuor

407 3309 486 3375 anni
510 3307 688 3372 terminos:
719 3303 881 3382 videlicet,
914 3303 957 3370 ad
980 3303 1100 3369 festum
1134 3305 1332 3371 Natiuitatis
1364 3307 1459 3371 Beati

407 3410 569 3477 iohannis
601 3407 764 3493 Baptistae
793 3407 904 3472 decem
934 3407 1093 3484 denarios
1117 3407 1160 3472 ad
1189 3408 1314 3474 festum
1347 3409 1460 3474 Sancti

408 3513 578 3579 Michaelis
610 3512 721 3578 decem
757 3509 914 3588 denariae,
942 3509 986 3576 ad
1017 3509 1137 3575 festum
1172 3510 1284 3577 Sancti
1318 3513 1460 3578 Andreae

407 3615 559 3704 Apostoli
582 3614 694 3680 decem
717 3612 877 3690 denarios,
901 3617 935 3677 et
958 3613 1001 3678 ad
1027 3613 1152 3678 festum
1182 3614 1460 3681 Armunciationis

408 3719 520 3784 Beatae
544 3717 658 3782 Mariae
674 3715 785 3780 decem
809 3715 959 3780 denarios
983 3719 1017 3779 et
1038 3715 1180 3793 obolum,
1200 3737 1259 3802 pro
1283 3717 1372 3780 omni
1394 3739 1460 3780 ser-

408 3822 494 3887 vicio
529 3819 676 3896 seculari,
711 3816 882 3882 exactione
916 3823 950 3882 et
982 3817 1171 3897 demanda;
1210 3818 1311 3883 salvis
1350 3819 1460 3884 liberis

408 3925 504 4011 burgi
527 3919 826 3988 consuetudinibus.
888 3918 979 3983 Dicti
1002 3941 1081 3983 vero
1105 3919 1288 3984 Edwardus
1320 3927 1354 3985 et
1377 3921 1458 3986 Ysa-

407 4026 494 4091 bella
528 4024 723 4110 praedictum
754 4021 959 4107 mesuagium
990 4027 1025 4085 et
1047 4023 1159 4087 omnia
1188 4021 1231 4086 ad
1264 4022 1459 4109 praedictum

408 4128 612 4214 mesuagium
635 4123 837 4212 pertinentia
859 4124 895 4188 in
928 4123 1041 4188 eodem
1065 4128 1155 4187 statu
1178 4145 1243 4208 quo
1266 4123 1349 4188 illud
1374 4147 1460 4190 rece-

408 4236 537 4320 perunt,
552 4229 607 4294 vel
629 4227 765 4302 meliori,
781 4226 849 4288 suis
866 4225 1005 4312 propriis
1029 4225 1216 4312 sumptibus
1240 4227 1459 4293 sustinebunt.

408 4335 453 4398 Et
486 4337 561 4418 post
599 4335 735 4394 mortem
774 4329 1006 4413 praedictorum
1040 4328 1196 4394 Edwardi
1231 4334 1265 4394 et
1287 4328 1460 4408 Ysabeliee,

407 4435 603 4522 praedictum
626 4431 840 4516 mesuagium,
857 4453 930 4496 cum
954 4431 1166 4516 pertinentiis
1197 4430 1265 4496 suis
1287 4433 1461 4518 praenomi-

407 4537 503 4613 natis,
525 4535 620 4600 nobis
643 4539 677 4598 et
699 4533 937 4598 successoribus
960 4533 1081 4596 nostris
1104 4534 1175 4596 sine
1197 4533 1310 4617 aliqua
1332 4539 1460 4598 contra-

408 4639 551 4704 dictione
585 4640 777 4701 revertetur.
851 4635 892 4698 In
924 4634 1017 4720 cujus
1051 4634 1100 4698 rei
1134 4631 1360 4700 testimonium
1400 4635 1461 4702 hoo

408 4742 568 4829 scriptum
591 4738 787 4824 bipertitum
811 4737 898 4802 inter
920 4758 980 4802 nos
1003 4741 1037 4802 et
1059 4735 1234 4821 praedictos
1257 4735 1459 4803 Edwardum
