3578 5808
414 879 457 951 76
667 899 866 952 nnoisnaun
889 897 1210 952 usnnnssnmnssn

413 1109 456 1151 ex
478 1089 590 1168 altere,
617 1095 691 1157 orta
713 1095 798 1158 esset
820 1091 959 1157 materia
989 1091 1181 1177 quaestionis
1203 1111 1311 1157 coram
1335 1089 1465 1156 officiali

413 1196 531 1270 nostro,
548 1193 744 1260 auctoritate
760 1199 874 1261 nostra
892 1193 1059 1260 ordinaria
1073 1197 1307 1280 cognoscente;
1329 1193 1464 1258 tandem

412 1300 522 1380 partes
544 1295 580 1360 in
603 1297 685 1364 dicti
706 1296 812 1364 nostri
835 1296 981 1363 officiarii
1011 1297 1186 1382 praesentia
1219 1297 1256 1360 in
1278 1296 1367 1362 dicto
1390 1294 1464 1360 hos·
1515 1328 1521 1338 ·

412 1398 508 1481 pitali
540 1399 753 1485 personaliter
785 1399 983 1477 constitutae‚
1011 1399 1123 1465 litium
1157 1398 1291 1464 dimisso
1314 1397 1465 1485 strepitu,

413 1499 537 1568 bonum
560 1503 649 1589 pacis
671 1503 872 1580 affectantes,
895 1502 1046 1588 prsedicti
1070 1501 1216 1569 officialis
1240 1501 1344 1568 nostri
1367 1521 1466 1588 super

413 1603 565 1670 omnibus
588 1605 629 1670 de
652 1605 772 1691 quibus
794 1604 836 1670 lis
859 1609 931 1672 erat
956 1605 1044 1670 inter
1075 1605 1164 1692 ipsas
1196 1609 1307 1692 partes
1334 1603 1465 1672 ordina-
1493 1613 1498 1621 '

413 1705 506 1782 tioni,
524 1705 651 1792 judicio
674 1710 709 1771 et
730 1709 866 1786 statute,
890 1727 982 1794 pure,
1006 1713 1125 1794 sponte
1148 1711 1182 1773 et
1204 1705 1361 1786 absolute,
1396 1726 1463 1770 om-

412 1807 492 1872 nino
514 1829 549 1873 se
572 1808 802 1888 submiserunt,
826 1813 895 1874 tam
918 1829 978 1895 pro
1001 1831 1036 1875 se
1060 1830 1160 1896 quam
1183 1831 1243 1897 pro
1266 1809 1334 1874 suis
1366 1806 1466 1874 eccle·

412 1909 477 1988 siis,
502 1916 540 1975 ut
572 1910 644 1997 ipsa
675 1911 841 1977 ordinatio
874 1911 972 1976 realis
1007 1916 1041 1977 et
1075 1916 1244 1998 perpetua,
1276 1915 1345 1977 tam
1379 1911 1467 1975 inter

412 2017 522 2098 partes
545 2013 727 2099 praedictas,
761 2035 861 2100 quam
895 2013 983 2078 inter
1013 2013 1208 2100 praedictam
1241 2011 1408 2080 ecclesiam
1432 2015 1467 2076 et

411 2114 573 2201 hospitale
588 2116 792 2202 preadictum,
815 2120 888 2180 rata
911 2119 945 2180 et
967 2117 1063 2180 firma
1082 2121 1276 2203 permaneat
1298 2113 1467 2202 pemetuis

411 2217 621 2302 temporibus.
670 2218 763 2283 Idem
797 2218 901 2304 igitur
939 2215 1096 2296 officialis,
1120 2215 1245 2284 auditis
1279 2215 1357 2283 hinc
1388 2214 1465 2280 inde

411 2320 525 2404 petitis
548 2325 583 2385 et
605 2321 781 2407 propositis
804 2321 840 2384 in
863 2319 993 2406 scriptis
1008 2319 1164 2406 partium,
1179 2317 1409 2384 instrumentis
1432 2321 1466 2384 et

330 2466 335 2474 ·
406 2422 547 2508 juribus,
570 2424 781 2510 pensatisque
820 2423 997 2510 diligenter
1027 2423 1133 2489 totius
1169 2423 1298 2510 negocii
1329 2420 1465 2499 meritis

410 2525 525 2591 habito
551 2547 649 2612 super
671 2525 737 2591 hiis
755 2525 1025 2612 jurisperitorum
1060 2525 1197 2592 consilio
1229 2524 1269 2590 de
1293 2527 1465 2611 utriusque

410 2627 514 2714 partis
537 2628 710 2694 voluntate
733 2633 767 2693 et
789 2648 945 2709 assensu3
977 2627 1220 2694 interveniente
1252 2628 1354 2694 etiam
1388 2647 1463 2694 con-

410 2729 484 2796 silio
507 2731 715 2796 dominorum
753 2731 882 2797 abbatis
921 2734 955 2796 et
993 2736 1175 2797 conventus
1213 2729 1464 2807 Malmesburiae,

411 2832 508 2900 dictae
531 2834 673 2900 ecclcsiee
696 2839 918 2921 patronorum,
934 2853 1033 2920 super
1054 2833 1230 2922 praemissis
1247 2833 1334 2899 inter
1356 2837 1465 2922 partes

410 2937 583 3022 praedictas
607 2937 775 3003 ordinavit
796 2937 832 3000 in
854 2936 944 3003 hunc
966 2937 1118 3003 modum:

457 3039 531 3104 “In
553 3039 616 3106 Dei
637 3040 778 3119 nomine,
802 3039 917 3105 Amen.
964 3037 1034 3126 Ego
1059 3038 1296 3106 Constantinus
1319 3038 1361 3104 de
1391 3037 1469 3103 Mil·

413 3149 428 3176 “
452 3141 577 3220 dehale‚
609 3142 783 3209 canonicus
818 3141 914 3219 Sarr’,
946 3139 1072 3207 domini
1104 3139 1369 3208 Sarresbiriensis
1397 3141 1465 3226 epi-

413 3247 541 3334 “scopi
579 3245 732 3325 officialis,
765 3244 889 3312 auditis
920 3249 954 3310 et
992 3243 1087 3330 plene
1125 3243 1302 3310 intellectis
1339 3243 1466 3309 meritis

414 3349 578 3436 “negocii
602 3349 684 3414 moti
707 3369 815 3416 coram
837 3369 890 3412 me
914 3345 1001 3412 inter
1024 3345 1208 3413 Walterum
1231 3345 1392 3414 vicarium
1416 3367 1465 3414 ec

414 3452 559 3518 “clasiae
583 3451 697 3518 Sancti
731 3449 827 3516 Pauli
850 3448 1094 3516 Malmesburiae
1124 3453 1277 3529 actorem,
1300 3471 1342 3514 ex
1372 3453 1466 3536 parte

414 3563 430 3589 “
452 3575 526 3634 una,
550 3560 586 3620 et
600 3553 796 3642 magistrum
811 3557 846 3618 et
867 3553 988 3618 iratres
1011 3549 1185 3638 hospitalis
1208 3551 1322 3619 Sancti
1340 3550 1465 3618 Johan-

412 3658 504 3724 “nis
535 3655 778 3724 Malmesburiae
807 3676 888 3733 reos,
915 3677 958 3720 ex
988 3653 1101 3732 altera,
1133 3675 1231 3742 super
1260 3676 1325 3742 quo
1355 3660 1465 3742 partes

413 3767 431 3796 “
453 3760 533 3848 ipsae
555 3781 637 3827 meae
663 3758 864 3826 ordinationi
886 3757 1020 3824 omnino
1044 3779 1079 3823 se
1094 3757 1326 3836 submiserunt,
1342 3759 1466 3836 ordino,

411 3868 429 3900 “
452 3869 562 3930 statuo
586 3868 620 3929 et
642 3861 767 3928 diffinio
791 3861 880 3948 quod
901 3861 992 3928 locus
1013 3861 1163 3947 praedicti
1193 3860 1366 3949 hospitalis
1392 3867 1465 3926 tan-

412 3975 430 4002 “
452 3987 552 4054 quam
583 3967 666 4032 situs
688 3965 776 4030 infia
798 3963 921 4029 limites
943 3962 1106 4050 parochiae
1133 3963 1299 4050 pnedictae
1322 3963 1464 4030 ccclesiae

413 4069 567 4138 “Sancti
599 4067 703 4147 Pauli,
738 4067 844 4133 eidem
879 4065 1022 4133 ecclesiae
1055 4063 1170 4132 Sancti
1205 4062 1301 4132 Pauli
1331 4069 1465 4132 maneat

412 4181 428 4208 “
451 4173 618 4258 subjectus
651 4170 687 4235 in
719 4169 880 4248 omnibus,
911 4165 1003 4234 salvo
1035 4167 1123 4252 quod
1155 4165 1253 4254 prior,
1276 4165 1394 4234 fiatres
1428 4171 1463 4234 et

412 4284 429 4311 “
451 4297 575 4342 sorores
598 4273 679 4340 dicti
702 4271 875 4360 hospitalis
897 4270 1051 4337 habitum
1073 4274 1108 4336 et
1130 4271 1261 4358 signum
1284 4275 1463 4356 portantes,

412 4387 428 4413 “
452 4378 568 4443 divina
613 4376 740 4464 possint
770 4376 884 4441 audire
916 4380 950 4440 et
982 4374 1124 4461 recipere
1155 4373 1192 4436 in
1225 4373 1351 4460 capelle
1382 4373 1463 4439 dicti

412 4487 430 4518 “
453 4479 633 4567 hospitalis,
649 4486 683 4544 et
705 4500 765 4565 pro
787 4473 855 4542 suis
878 4476 1100 4542 oblationibus
1114 4497 1153 4542 ac
1168 4475 1306 4540 minutis
1331 4474 1465 4542 decimis

412 4591 428 4619 “
451 4583 519 4648 suis
542 4579 811 4669 provenientibus
834 4579 921 4644 infra
942 4583 1036 4666 septa
1067 4579 1166 4660 curiae
1190 4577 1271 4644 dicti
1293 4577 1466 4664 hospitalis

412 4695 431 4726 “
455 4685 586 4752 solvant
608 4683 756 4770 quolibet
789 4705 877 4750 anno
909 4681 1015 4748 eidem
1047 4681 1189 4749 ecclesius
1223 4681 1339 4747 Sancti
1361 4680 1465 4760 Pauli,

413 4795 486 4857 “et
518 4787 641 4856 vicario
673 4785 818 4873 ejusdem
849 4784 1000 4864 ecclesiae,
1024 4785 1081 4870 qui
1104 4805 1163 4871 pro
1186 4788 1333 4870 tempore
1355 4782 1463 4862 fiterit,
