3578 5808
445 873 489 942 70
697 891 894 943 ssmsrnuu
919 887 1241 942 nmnrssunrsvss.

444 1081 567 1146 dentes.
614 1081 710 1161 Quod
733 1089 772 1146 ut
794 1089 990 1168 perpetuum
1013 1081 1113 1148 robur
1136 1077 1305 1146 firmitatis
1339 1079 1496 1166 optineat,

444 1182 529 1251 hano
552 1189 676 1248 cartam
699 1184 729 1248 ei
753 1184 898 1260 fecimus,
921 1190 956 1248 et
982 1185 1129 1270 praefatae
1152 1188 1248 1248 terreo
1270 1181 1496 1246 venditionem

444 1286 627 1371 sigillorum
666 1293 852 1354 nostrorum
890 1288 1096 1374 appositione
1127 1285 1361 1352 roboravimus.
1420 1283 1497 1346 Hiis

444 1391 593 1468 testibus,
617 1396 676 1457 etc.

833 1662 912 1728 OAP.
937 1662 1110 1729 OOXIIII.

522 1825 626 1891 Oculo
639 1825 741 1916 'sueto
766 1825 906 1892 Roberto
934 1827 1029 1912 Pucy
1053 1827 1093 1894 cle
1117 1818 1273 1914 quodum
1300 1825 1405 1894 domo.

492 1977 654 2043 Omnibus
678 1977 803 2043 Christi
826 1978 979 2043 fidelibus
1010 1983 1207 2064 praesentem
1230 1985 1354 2044 certam
1377 1977 1498 2042 visuris

447 2082 499 2148 vel
530 2083 702 2159 audituris,
740 2081 770 2146 J.
807 2081 870 2147 Dei
908 2084 1017 2168 gratia
1053 2083 1156 2148 abbas
1187 2083 1441 2160 Malmesburiae‚
1465 2087 1498 2146 et

446 2185 591 2270 ejusdem
615 2185 677 2250 loci
708 2189 899 2262 conventus,
922 2185 1063 2249 salutem
1086 2191 1245 2250 aeternam
1277 2184 1314 2247 in
1345 2183 1496 2248 Domine.

448 2287 590 2350 Noverit
612 2287 810 2350 universitas
835 2291 944 2351 vestra
975 2307 1034 2350 nos
1070 2285 1220 2350 unanimi
1251 2285 1420 2350 voluntate
1444 2285 1498 2348 de·

447 2389 541 2464 disse,
565 2389 766 2464 concessisse,
790 2393 825 2452 et
846 2387 908 2452 hac
931 2387 1086 2474 praesenti
1118 2393 1211 2453 carte
1240 2391 1352 2452 nostra
1382 2385 1497 2452 confir-

446 2511 550 2554 masse
574 2489 718 2554 Roberto
742 2489 855 2575 Pascy,
877 2511 937 2575 pro
961 2489 1097 2555 servicio
1113 2511 1182 2566 suo,
1199 2490 1332 2553 domum
1347 2489 1446 2552 sitam
1463 2487 1498 2551 in

446 2591 598 2656 orientali
621 2599 713 2677 parte
735 2593 866 2678 gardini
900 2592 1012 2669 nostri,
1036 2613 1110 2656 cum
1134 2597 1206 2656 orto
1240 2591 1289 2654 illi
1321 2591 1498 2676 adjacente,

446 2700 577 2758 etcum
601 2716 668 2757 une
689 2716 765 2760 acre
787 2699 884 2758 terrae
907 2694 1040 2759 arabilis
1063 2716 1163 2781 super
1172 2693 1320 2775 ,Wrdem
1342 2693 1385 2756 sd
1408 2692 1498 2756 illem

447 2798 635 2882 spectantis,
670 2803 705 2860 et
742 2818 816 2860 eum
857 2796 1009 2862 omnibus
1043 2795 1253 2883 pertinentiis
1287 2795 1364 2872 suis,
1399 2815 1498 2878 quem

446 2899 580 2984 quidem
612 2899 745 2963 domum
777 2899 919 2964 Matilda
942 2899 982 2964 de
1014 2897 1118 2964 Ponte
1154 2898 1332 2984 aliquando
1367 2896 1497 2960 tenuit:

446 3001 632 3066 habendam
657 3006 691 3066 et
713 3002 891 3066 tenendam
914 3002 955 3066 de
986 3001 1081 3066 nohis
1104 3008 1139 3065 et
1163 2999 1401 3066 suecessoribus
1424 3019 1498 3062 nos·

447 3105 516 3181 tris
532 3105 596 3169 sibi
620 3110 655 3169 et
676 3103 853 3167 heredibus
877 3103 944 3166 suis
969 3103 1023 3166 vel
1045 3103 1221 3188 assignatis
1245 3103 1498 3188 imperpetuum,

448 3206 530 3270 bene
554 3212 588 3271 et
611 3207 645 3270 in
678 3227 767 3291 pace,
790 3205 891 3270 libere
917 3210 952 3269 et
974 3205 1084 3291 quiete
1117 3205 1159 3269 ab
1183 3197 1283 3269 omni'
1305 3203 1442 3269 servicio
1464 3208 1499 3266 et

447 3309 585 3372 seculari
624 3309 812 3374 exactione:
851 3308 943 3372 salvo
987 3308 1124 3373 servicio
1168 3307 1294 3372 domini
1332 3307 1418 3392 regis
1455 3305 1498 3371 ad

447 3415 578 3474 tantum
602 3415 827 3475 tenementum
851 3410 1038 3497 pertinente
1068 3433 1127 3497 per
1149 3432 1297 3476 annuum
1331 3409 1497 3474 redditum

447 3511 586 3577 duorum
620 3513 798 3578 solidorum
834 3518 870 3578 et
893 3513 935 3576 vi.
969 3513 1041 3577 den.
1073 3513 1262 3600 gardinario
1293 3519 1406 3578 nostro
1441 3511 1498 3595 qui

447 3637 506 3701 pro
537 3621 684 3702 tempore
714 3615 815 3679 fuerit
845 3615 881 3677 in
913 3614 1041 3679 duobus
1073 3615 1223 3679 terminis
1238 3659 1239 3662 κ
1256 3615 1336 3679 enni
1370 3613 1498 3679 solven-

447 3716 563 3783 dorum
575 3742 582 3796 ;
606 3717 769 3796 videlicet,
801 3718 836 3780 in
860 3717 1127 3782 Annunciatione
1160 3717 1272 3783 Beatae
1306 3716 1420 3782 Merite
1443 3735 1498 3779 κν.

446 3821 527 3896 den,
551 3821 644 3888 et.in
666 3820 752 3885 festo
776 3819 891 3884 Sancti
915 3819 1086 3884 Michaelis
1110 3841 1164 3883 xv.
1189 3821 1260 3885 den.
1308 3818 1353 3882 Et
1375 3839 1434 3883 nos
1465 3823 1499 3882 et

447 3941 644 3988 successores
666 3922 771 3986 nostri
787 3922 980 4008 prvedictam
1003 3922 1146 3998 domum,
1162 3944 1236 3987 cum
1252 3921 1404 3986 omnibus
1426 3941 1498 4006 per-

448 4025 600 4090 tinentiis
623 4025 691 4088 suis
721 4024 977 4109 praenominatis,
1001 4024 1158 4110 praedicto
1189 4023 1293 4110 Pascy
1315 4028 1350 4089 et
1372 4023 1499 4088 heredi-

444 4127 506 4190 bus
529 4126 597 4191 suis
619 4125 673 4189 vel
696 4125 869 4212 assignetis
892 4131 1007 4192 eontra
1029 4148 1141 4191 omnes
1165 4127 1314 4192 viventes
1337 4131 1499 4212 quantum

444 4229 480 4292 in
502 4229 597 4293 nobis
621 4228 916 4294 warantizabimus.
972 4229 1013 4293 In
1036 4229 1136 4315 hujus
1167 4234 1279 4293 autem
1313 4229 1499 4293 donationis
1539 4283 1540 4286 ,

444 4337 478 4395 et
509 4331 724 4396 concessionis
757 4338 876 4397 nostroe
907 4333 1133 4398 testimonium
1156 4337 1351 4420 praesentem
1375 4337 1499 4398 cartam

444 4435 474 4498 ei
506 4435 652 4513 fecimus,
676 4442 710 4500 et
743 4459 815 4502 cam
846 4437 964 4526 sigillis
996 4438 1117 4504 nostris
1154 4437 1368 4526 signavimus.
1424 4435 1500 4499 Hiis

445 4537 594 4618 testibus,
618 4544 677 4603 eto.

455 4712 655 4722 ..ιι-ι...-
