<?xml version="1.0" encoding="UTF-8"?>
<!DOCTYPE html PUBLIC "-//W3C//DTD XHTML 1.0 Transitional//EN"
    "http://www.w3.org/TR/xhtml1/DTD/xhtml1-transitional.dtd">
<html xmlns="http://www.w3.org/1999/xhtml" xml:lang="en" lang="en">
 <head>
  <title>
</title>
<meta http-equiv="Content-Type" content="text/html;charset=utf-8" />
  <meta name='ocr-system' content='tesseract 3.04.00' />
  <meta name='ocr-capabilities' content='ocr_page ocr_carea ocr_par ocr_line ocrx_word'/>
</head>
<body>
  <div class='ocr_page' id='page_1' title='image "./registrummalmes00martgoog_0470.png"; bbox 0 0 3524 5808; ppageno 0'>
   <div class='ocr_carea' id='block_1_1' title="bbox 477 845 1108 916">
    <p class='ocr_par' dir='ltr' id='par_1_1' title="bbox 477 845 1108 916">
     <span class='ocr_line' id='line_1_1' title="bbox 477 845 1108 916; baseline 0.003 -5"><span class='ocrx_word' id='word_1_1' title='bbox 477 845 540 916; x_wconf 78' lang='lat'><strong>376</strong></span> <span class='ocrx_word' id='word_1_2' title='bbox 887 863 1063 912; x_wconf 77' lang='lat' dir='ltr'><strong>nrrnnnrx</strong></span> <span class='ocrx_word' id='word_1_3' title='bbox 1089 867 1108 913; x_wconf 86' lang='lat'><strong>1.</strong></span> 
     </span>
    </p>
   </div>
   <div class='ocr_carea' id='block_1_2' title="bbox 475 1049 1532 4831">
    <p class='ocr_par' dir='ltr' id='par_1_2' title="bbox 475 1049 1532 4831">
     <span class='ocr_line' id='line_1_2' title="bbox 476 1049 1518 1138; baseline -0.002 -22"><span class='ocrx_word' id='word_1_4' title='bbox 476 1051 629 1136; x_wconf 76' lang='lat' dir='ltr'><strong>prasenti</strong></span> <span class='ocrx_word' id='word_1_5' title='bbox 653 1052 775 1138; x_wconf 81' lang='lat' dir='ltr'><strong>scripto</strong></span> <span class='ocrx_word' id='word_1_6' title='bbox 797 1051 934 1119; x_wconf 78' lang='lat' dir='ltr'><strong>fecimus</strong></span> <span class='ocrx_word' id='word_1_7' title='bbox 956 1052 1118 1118; x_wconf 87' lang='lat' dir='ltr'><strong>annotari.</strong></span> <span class='ocrx_word' id='word_1_8' title='bbox 1166 1051 1327 1118; x_wconf 81' lang='lat' dir='ltr'><strong>Ecclesias</strong></span> <span class='ocrx_word' id='word_1_9' title='bbox 1357 1051 1398 1116; x_wconf 90' lang='lat' dir='ltr'><strong>de</strong></span> <span class='ocrx_word' id='word_1_10' title='bbox 1422 1049 1518 1134; x_wconf 85' lang='lat' dir='ltr'><strong>Pury·</strong></span> 
     </span>
     <span class='ocr_line' id='line_1_3' title="bbox 475 1153 1518 1242; baseline -0.003 -24"><span class='ocrx_word' id='word_1_11' title='bbox 475 1158 553 1218; x_wconf 86' lang='lat' dir='ltr'><strong>tone</strong></span> <span class='ocrx_word' id='word_1_12' title='bbox 591 1160 626 1219; x_wconf 91' lang='lat' dir='ltr'><strong>et</strong></span> <span class='ocrx_word' id='word_1_13' title='bbox 662 1155 703 1219; x_wconf 92' lang='lat' dir='ltr'><strong>de</strong></span> <span class='ocrx_word' id='word_1_14' title='bbox 739 1155 874 1221; x_wconf 89' lang='lat' dir='ltr'><strong>Kemele</strong></span> <span class='ocrx_word' id='word_1_15' title='bbox 912 1153 950 1219; x_wconf 91' lang='lat' dir='ltr'><strong>in</strong></span> <span class='ocrx_word' id='word_1_16' title='bbox 982 1155 1132 1242; x_wconf 91' lang='lat' dir='ltr'><strong>proprios</strong></span> <span class='ocrx_word' id='word_1_17' title='bbox 1155 1177 1234 1220; x_wconf 90' lang='lat' dir='ltr'><strong>usus</strong></span> <span class='ocrx_word' id='word_1_18' title='bbox 1266 1154 1518 1242; x_wconf 89' lang='lat' dir='ltr'><strong>impetravimus.</strong></span> 
     </span>
     <span class='ocr_line' id='line_1_4' title="bbox 475 1255 1519 1344; baseline 0.001 -25"><span class='ocrx_word' id='word_1_19' title='bbox 475 1255 609 1322; x_wconf 78' lang='lat' dir='ltr'>Terram</span> <span class='ocrx_word' id='word_1_20' title='bbox 632 1258 673 1322; x_wconf 89' lang='lat' dir='ltr'><strong>de</strong></span> <span class='ocrx_word' id='word_1_21' title='bbox 696 1256 884 1343; x_wconf 85' lang='lat' dir='ltr'><strong>Thycwode</strong></span> <span class='ocrx_word' id='word_1_22' title='bbox 908 1278 983 1324; x_wconf 92' lang='lat' dir='ltr'><strong>cum</strong></span> <span class='ocrx_word' id='word_1_23' title='bbox 1006 1259 1075 1322; x_wconf 89' lang='lat' dir='ltr'><strong>suis</strong></span> <span class='ocrx_word' id='word_1_24' title='bbox 1091 1258 1303 1344; x_wconf 69' lang='lat' dir='ltr'><strong>pertinentiis</strong></span> <span class='ocrx_word' id='word_1_25' title='bbox 1319 1263 1354 1323; x_wconf 89' lang='lat' dir='ltr'><strong>et</strong></span> <span class='ocrx_word' id='word_1_26' title='bbox 1378 1256 1519 1324; x_wconf 85' lang='lat' dir='ltr'><strong>domibus</strong></span> 
     </span>
     <span class='ocr_line' id='line_1_5' title="bbox 476 1358 1519 1446; baseline 0 -24"><span class='ocrx_word' id='word_1_27' title='bbox 476 1359 599 1424; x_wconf 86' lang='lat' dir='ltr'><strong>ibidem</strong></span> <span class='ocrx_word' id='word_1_28' title='bbox 623 1364 657 1424; x_wconf 89' lang='lat' dir='ltr'><strong>et</strong></span> <span class='ocrx_word' id='word_1_29' title='bbox 683 1358 772 1446; x_wconf 91' lang='lat' dir='ltr'><strong>apud</strong></span> <span class='ocrx_word' id='word_1_30' title='bbox 796 1359 955 1440; x_wconf 82' lang='lat' dir='ltr'><strong>Colerne3</strong></span> <span class='ocrx_word' id='word_1_31' title='bbox 978 1366 1101 1427; x_wconf 81' lang='lat' dir='ltr'><strong>terram</strong></span> <span class='ocrx_word' id='word_1_32' title='bbox 1135 1361 1176 1426; x_wconf 93' lang='lat' dir='ltr'><strong>de</strong></span> <span class='ocrx_word' id='word_1_33' title='bbox 1199 1359 1420 1446; x_wconf 84' lang='lat' dir='ltr'><strong>Fouleswyke</strong></span> <span class='ocrx_word' id='word_1_34' title='bbox 1454 1380 1519 1424; x_wconf 82' lang='lat' dir='ltr'><strong>omn</strong></span> 
     </span>
     <span class='ocr_line' id='line_1_6' title="bbox 476 1461 1519 1549; baseline -0.002 -23"><span class='ocrx_word' id='word_1_35' title='bbox 476 1462 544 1526; x_wconf 88' lang='lat' dir='ltr'><strong>suis</strong></span> <span class='ocrx_word' id='word_1_36' title='bbox 578 1463 789 1549; x_wconf 70' lang='lat' dir='ltr'><strong>pertinentiis</strong></span> <span class='ocrx_word' id='word_1_37' title='bbox 822 1469 856 1528; x_wconf 87' lang='lat' dir='ltr'><strong>ct</strong></span> <span class='ocrx_word' id='word_1_38' title='bbox 879 1463 1031 1528; x_wconf 82' lang='lat' dir='ltr'><strong>domibus</strong></span> <span class='ocrx_word' id='word_1_39' title='bbox 1064 1463 1208 1543; x_wconf 88' lang='lat' dir='ltr'><strong>ibidem;</strong></span> <span class='ocrx_word' id='word_1_40' title='bbox 1230 1469 1353 1529; x_wconf 84' lang='lat' dir='ltr'><strong>terram</strong></span> <span class='ocrx_word' id='word_1_41' title='bbox 1377 1463 1417 1527; x_wconf 91' lang='lat' dir='ltr'><strong>de</strong></span> <span class='ocrx_word' id='word_1_42' title='bbox 1451 1461 1519 1526; x_wconf 74' lang='lat' dir='ltr'><strong>Sus</strong></span> 
     </span>
     <span class='ocr_line' id='line_1_7' title="bbox 477 1564 1518 1645; baseline -0.004 -15"><span class='ocrx_word' id='word_1_43' title='bbox 477 1570 554 1630; x_wconf 84' lang='lat' dir='ltr'><strong>tone</strong></span> <span class='ocrx_word' id='word_1_44' title='bbox 578 1587 653 1632; x_wconf 88' lang='lat' dir='ltr'><strong>cum</strong></span> <span class='ocrx_word' id='word_1_45' title='bbox 676 1565 828 1630; x_wconf 86' lang='lat' dir='ltr'><strong>domibus</strong></span> <span class='ocrx_word' id='word_1_46' title='bbox 851 1565 995 1645; x_wconf 89' lang='lat' dir='ltr'><strong>ibidem;</strong></span> <span class='ocrx_word' id='word_1_47' title='bbox 1025 1571 1147 1632; x_wconf 89' lang='lat' dir='ltr'><strong>terram</strong></span> <span class='ocrx_word' id='word_1_48' title='bbox 1171 1567 1212 1631; x_wconf 91' lang='lat' dir='ltr'><strong>de</strong></span> <span class='ocrx_word' id='word_1_49' title='bbox 1245 1564 1429 1642; x_wconf 87' lang='lat' dir='ltr'><strong>Stonhulle,</strong></span> <span class='ocrx_word' id='word_1_50' title='bbox 1453 1585 1518 1630; x_wconf 88' lang='lat' dir='ltr'><strong>eum</strong></span> 
     </span>
     <span class='ocr_line' id='line_1_8' title="bbox 478 1665 1520 1747; baseline -0.002 -17"><span class='ocrx_word' id='word_1_51' title='bbox 478 1665 630 1731; x_wconf 90' lang='lat' dir='ltr'><strong>domibus</strong></span> <span class='ocrx_word' id='word_1_52' title='bbox 653 1667 797 1747; x_wconf 91' lang='lat' dir='ltr'><strong>ibidem;</strong></span> <span class='ocrx_word' id='word_1_53' title='bbox 820 1673 943 1734; x_wconf 88' lang='lat' dir='ltr'><strong>terram</strong></span> <span class='ocrx_word' id='word_1_54' title='bbox 966 1668 1006 1732; x_wconf 93' lang='lat' dir='ltr'><strong>de</strong></span> <span class='ocrx_word' id='word_1_55' title='bbox 1034 1668 1143 1735; x_wconf 87' lang='lat' dir='ltr'><strong>Parva</strong></span> <span class='ocrx_word' id='word_1_56' title='bbox 1166 1667 1383 1747; x_wconf 80' lang='lat' dir='ltr'><strong>Scherstone3</strong></span> <span class='ocrx_word' id='word_1_57' title='bbox 1406 1671 1520 1730; x_wconf 85' lang='lat' dir='ltr'><strong>terram</strong></span> 
     </span>
     <span class='ocr_line' id='line_1_9' title="bbox 477 1769 1520 1850; baseline -0.003 -16"><span class='ocrx_word' id='word_1_58' title='bbox 477 1769 518 1834; x_wconf 90' lang='lat' dir='ltr'><strong>dc</strong></span> <span class='ocrx_word' id='word_1_59' title='bbox 551 1769 727 1835; x_wconf 88' lang='lat' dir='ltr'><strong>Lutletone</strong></span> <span class='ocrx_word' id='word_1_60' title='bbox 761 1770 802 1834; x_wconf 92' lang='lat' dir='ltr'><strong>de</strong></span> <span class='ocrx_word' id='word_1_61' title='bbox 825 1770 920 1836; x_wconf 90' lang='lat' dir='ltr'><strong>feodo</strong></span> <span class='ocrx_word' id='word_1_62' title='bbox 951 1771 1177 1838; x_wconf 89' lang='lat' dir='ltr'><strong>Bartholomei</strong></span> <span class='ocrx_word' id='word_1_63' title='bbox 1200 1772 1240 1837; x_wconf 90' lang='lat' dir='ltr'><strong>de</strong></span> <span class='ocrx_word' id='word_1_64' title='bbox 1268 1772 1302 1838; x_wconf 97' lang='lat' dir='ltr'><strong>la</strong></span> <span class='ocrx_word' id='word_1_65' title='bbox 1325 1771 1438 1850; x_wconf 87' lang='lat' dir='ltr'><strong>More;</strong></span> <span class='ocrx_word' id='word_1_66' title='bbox 1463 1775 1520 1833; x_wconf 83' lang='lat' dir='ltr'><strong>ter-</strong></span> 
     </span>
     <span class='ocr_line' id='line_1_10' title="bbox 478 1870 1521 1961; baseline 0.001 -26"><span class='ocrx_word' id='word_1_67' title='bbox 478 1870 993 1941; x_wconf 77' lang='lat' dir='ltr'><strong>1·amdelaBlulceloadecum</strong></span> <span class='ocrx_word' id='word_1_68' title='bbox 1028 1875 1096 1939; x_wconf 90' lang='lat' dir='ltr'><strong>suis</strong></span> <span class='ocrx_word' id='word_1_69' title='bbox 1128 1875 1339 1961; x_wconf 88' lang='lat' dir='ltr'><strong>pertinentiis</strong></span> <span class='ocrx_word' id='word_1_70' title='bbox 1366 1878 1402 1938; x_wconf 91' lang='lat' dir='ltr'><strong>et</strong></span> <span class='ocrx_word' id='word_1_71' title='bbox 1424 1871 1521 1937; x_wconf 89' lang='lat' dir='ltr'><strong>domi·</strong></span> 
     </span>
     <span class='ocr_line' id='line_1_11' title="bbox 478 1973 1521 2058; baseline -0.001 -21"><span class='ocrx_word' id='word_1_72' title='bbox 478 1974 539 2038; x_wconf 88' lang='lat' dir='ltr'><strong>bus</strong></span> <span class='ocrx_word' id='word_1_73' title='bbox 572 1973 717 2054; x_wconf 89' lang='lat' dir='ltr'><strong>ibidem;</strong></span> <span class='ocrx_word' id='word_1_74' title='bbox 740 1974 967 2041; x_wconf 89' lang='lat' dir='ltr'><strong>molendinum</strong></span> <span class='ocrx_word' id='word_1_75' title='bbox 998 1975 1039 2041; x_wconf 91' lang='lat' dir='ltr'><strong>de</strong></span> <span class='ocrx_word' id='word_1_76' title='bbox 1061 1977 1186 2054; x_wconf 91' lang='lat' dir='ltr'><strong>Avene,</strong></span> <span class='ocrx_word' id='word_1_77' title='bbox 1209 1983 1244 2042; x_wconf 88' lang='lat' dir='ltr'><strong>et</strong></span> <span class='ocrx_word' id='word_1_78' title='bbox 1265 1974 1432 2042; x_wconf 87' lang='lat' dir='ltr'><strong>culturam</strong></span> <span class='ocrx_word' id='word_1_79' title='bbox 1455 1993 1521 2058; x_wconf 80' lang='lat' dir='ltr'><strong>qua</strong></span> 
     </span>
     <span class='ocr_line' id='line_1_12' title="bbox 478 2075 1521 2166; baseline -0.002 -26"><span class='ocrx_word' id='word_1_80' title='bbox 478 2081 615 2142; x_wconf 87' lang='lat' dir='ltr'><strong>vocatur</strong></span> <span class='ocrx_word' id='word_1_81' title='bbox 646 2075 835 2142; x_wconf 85' lang='lat' dir='ltr'><strong>Ookesheth</strong></span> <span class='ocrx_word' id='word_1_82' title='bbox 865 2079 968 2162; x_wconf 86' lang='lat' dir='ltr'><strong>juxta</strong></span> <span class='ocrx_word' id='word_1_83' title='bbox 991 2077 1180 2166; x_wconf 71' lang='lat' dir='ltr'><strong>Oorsgmva</strong></span> <span class='ocrx_word' id='word_1_84' title='bbox 1211 2100 1286 2146; x_wconf 91' lang='lat' dir='ltr'><strong>cum</strong></span> <span class='ocrx_word' id='word_1_85' title='bbox 1319 2077 1394 2142; x_wconf 88' lang='lat' dir='ltr'><strong>aliis</strong></span> <span class='ocrx_word' id='word_1_86' title='bbox 1426 2081 1521 2140; x_wconf 89' lang='lat' dir='ltr'><strong>terra-</strong></span> 
     </span>
     <span class='ocr_line' id='line_1_13' title="bbox 476 2177 1522 2264; baseline 0.002 -24"><span class='ocrx_word' id='word_1_87' title='bbox 476 2200 550 2241; x_wconf 86' lang='lat' dir='ltr'><strong>rum</strong></span> <span class='ocrx_word' id='word_1_88' title='bbox 586 2179 758 2264; x_wconf 72' lang='lat' dir='ltr'><strong>particulis</strong></span> <span class='ocrx_word' id='word_1_89' title='bbox 788 2179 824 2242; x_wconf 94' lang='lat' dir='ltr'><strong>in</strong></span> <span class='ocrx_word' id='word_1_90' title='bbox 851 2181 991 2246; x_wconf 88' lang='lat' dir='ltr'><strong>diversis</strong></span> <span class='ocrx_word' id='word_1_91' title='bbox 1020 2182 1185 2259; x_wconf 74' lang='lat' dir='ltr'><strong>maneriis</strong></span> <span class='ocrx_word' id='word_1_92' title='bbox 1216 2181 1287 2246; x_wconf 90' lang='lat' dir='ltr'><strong>Deo</strong></span> <span class='ocrx_word' id='word_1_93' title='bbox 1318 2185 1353 2245; x_wconf 90' lang='lat' dir='ltr'><strong>et</strong></span> <span class='ocrx_word' id='word_1_94' title='bbox 1385 2177 1522 2245; x_wconf 84' lang='lat' dir='ltr'><strong>ecelesia</strong></span> 
     </span>
     <span class='ocr_line' id='line_1_14' title="bbox 477 2279 1523 2368; baseline -0.002 -24"><span class='ocrx_word' id='word_1_95' title='bbox 477 2279 591 2346; x_wconf 77' lang='lat' dir='ltr'><strong>Sancti</strong></span> <span class='ocrx_word' id='word_1_96' title='bbox 630 2279 799 2345; x_wconf 87' lang='lat' dir='ltr'><strong>Aldhelmi</strong></span> <span class='ocrx_word' id='word_1_97' title='bbox 834 2287 981 2368; x_wconf 88' lang='lat' dir='ltr'><strong>tempore</strong></span> <span class='ocrx_word' id='word_1_98' title='bbox 1013 2283 1119 2349; x_wconf 88' lang='lat' dir='ltr'><strong>nostri</strong></span> <span class='ocrx_word' id='word_1_99' title='bbox 1152 2282 1329 2368; x_wconf 88' lang='lat' dir='ltr'><strong>regiminis,</strong></span> <span class='ocrx_word' id='word_1_100' title='bbox 1362 2279 1523 2347; x_wconf 76' lang='lat' dir='ltr'><strong>laboribus</strong></span> 
     </span>
     <span class='ocr_line' id='line_1_15' title="bbox 476 2383 1524 2472; baseline -0.004 -26"><span class='ocrx_word' id='word_1_101' title='bbox 476 2383 725 2468; x_wconf 89' lang='lat' dir='ltr'><strong>multiplicibus,</strong></span> <span class='ocrx_word' id='word_1_102' title='bbox 748 2383 826 2449; x_wconf 88' lang='lat' dir='ltr'><strong>lieet</strong></span> <span class='ocrx_word' id='word_1_103' title='bbox 858 2385 970 2450; x_wconf 88' lang='lat' dir='ltr'><strong>saeculi</strong></span> <span class='ocrx_word' id='word_1_104' title='bbox 993 2391 1101 2450; x_wconf 90' lang='lat' dir='ltr'><strong>status</strong></span> <span class='ocrx_word' id='word_1_105' title='bbox 1124 2385 1186 2452; x_wconf 91' lang='lat' dir='ltr'><strong>hoc</strong></span> <span class='ocrx_word' id='word_1_106' title='bbox 1207 2385 1307 2472; x_wconf 90' lang='lat' dir='ltr'><strong>regiis</strong></span> <span class='ocrx_word' id='word_1_107' title='bbox 1329 2383 1466 2450; x_wconf 84' lang='lat' dir='ltr'><strong>statutis</strong></span> <span class='ocrx_word' id='word_1_108' title='bbox 1494 2383 1524 2444; x_wconf 90' lang='lat' dir='ltr'><strong>et</strong></span> 
     </span>
     <span class='ocr_line' id='line_1_16' title="bbox 477 2485 1525 2574; baseline -0.001 -26"><span class='ocrx_word' id='word_1_109' title='bbox 477 2485 723 2571; x_wconf 85' lang='lat' dir='ltr'><strong>impedimentis</strong></span> <span class='ocrx_word' id='word_1_110' title='bbox 746 2486 821 2552; x_wconf 90' lang='lat' dir='ltr'><strong>aliis</strong></span> <span class='ocrx_word' id='word_1_111' title='bbox 844 2487 1090 2574; x_wconf 79' lang='lat' dir='ltr'><strong>impugnaverit,</strong></span> <span class='ocrx_word' id='word_1_112' title='bbox 1124 2487 1375 2573; x_wconf 79' lang='lat' dir='ltr'><strong>adquisivimus,</strong></span> <span class='ocrx_word' id='word_1_113' title='bbox 1409 2487 1525 2572; x_wconf 75' lang='lat' dir='ltr'><strong>praeter</strong></span> 
     </span>
     <span class='ocr_line' id='line_1_17' title="bbox 478 2587 1525 2676; baseline 0 -25"><span class='ocrx_word' id='word_1_114' title='bbox 478 2587 590 2654; x_wconf 90' lang='lat' dir='ltr'><strong>domos</strong></span> <span class='ocrx_word' id='word_1_115' title='bbox 622 2593 657 2653; x_wconf 87' lang='lat' dir='ltr'><strong>et</strong></span> <span class='ocrx_word' id='word_1_116' title='bbox 690 2588 831 2655; x_wconf 86' lang='lat' dir='ltr'><strong>aedificia</strong></span> <span class='ocrx_word' id='word_1_117' title='bbox 847 2589 941 2656; x_wconf 87' lang='lat' dir='ltr'><strong>varia</strong></span> <span class='ocrx_word' id='word_1_118' title='bbox 956 2612 1029 2676; x_wconf 89' lang='lat' dir='ltr'><strong>quae</strong></span> <span class='ocrx_word' id='word_1_119' title='bbox 1052 2590 1139 2655; x_wconf 80' lang='lat' dir='ltr'><strong>infra</strong></span> <span class='ocrx_word' id='word_1_120' title='bbox 1161 2589 1354 2655; x_wconf 83' lang='lat' dir='ltr'><strong>abbathiam</strong></span> <span class='ocrx_word' id='word_1_121' title='bbox 1378 2593 1412 2653; x_wconf 88' lang='lat' dir='ltr'><strong>et</strong></span> <span class='ocrx_word' id='word_1_122' title='bbox 1435 2591 1525 2653; x_wconf 84' lang='lat' dir='ltr'><strong>extra</strong></span> 
     </span>
     <span class='ocr_line' id='line_1_18' title="bbox 477 2688 1525 2778; baseline -0.001 -24"><span class='ocrx_word' id='word_1_123' title='bbox 477 2691 579 2756; x_wconf 87' lang='lat' dir='ltr'><strong>variis</strong></span> <span class='ocrx_word' id='word_1_124' title='bbox 603 2691 638 2754; x_wconf 91' lang='lat' dir='ltr'><strong>in</strong></span> <span class='ocrx_word' id='word_1_125' title='bbox 670 2691 750 2758; x_wconf 89' lang='lat' dir='ltr'><strong>locis</strong></span> <span class='ocrx_word' id='word_1_126' title='bbox 781 2693 932 2758; x_wconf 85' lang='lat' dir='ltr'><strong>construi</strong></span> <span class='ocrx_word' id='word_1_127' title='bbox 963 2691 1100 2760; x_wconf 87' lang='lat' dir='ltr'><strong>fecimus</strong></span> <span class='ocrx_word' id='word_1_128' title='bbox 1132 2693 1244 2759; x_wconf 77' lang='lat' dir='ltr'><strong>studio</strong></span> <span class='ocrx_word' id='word_1_129' title='bbox 1275 2691 1438 2778; x_wconf 88' lang='lat' dir='ltr'><strong>diligenti.</strong></span> <span class='ocrx_word' id='word_1_130' title='bbox 1485 2688 1525 2752; x_wconf 89' lang='lat' dir='ltr'><strong>Et</strong></span> 
     </span>
     <span class='ocr_line' id='line_1_19' title="bbox 477 2793 1524 2880; baseline -0.001 -24"><span class='ocrx_word' id='word_1_131' title='bbox 477 2799 598 2878; x_wconf 70' lang='lat' dir='ltr'><strong>praeter</strong></span> <span class='ocrx_word' id='word_1_132' title='bbox 630 2815 669 2859; x_wconf 92' lang='lat' dir='ltr'><strong>ea</strong></span> <span class='ocrx_word' id='word_1_133' title='bbox 701 2815 775 2879; x_wconf 84' lang='lat' dir='ltr'><strong>quae</strong></span> <span class='ocrx_word' id='word_1_134' title='bbox 806 2795 842 2858; x_wconf 91' lang='lat' dir='ltr'><strong>in</strong></span> <span class='ocrx_word' id='word_1_135' title='bbox 864 2816 952 2880; x_wconf 89' lang='lat' dir='ltr'><strong>equa</strong></span> <span class='ocrx_word' id='word_1_136' title='bbox 974 2795 1015 2860; x_wconf 91' lang='lat' dir='ltr'><strong>de</strong></span> <span class='ocrx_word' id='word_1_137' title='bbox 1046 2795 1228 2860; x_wconf 86' lang='lat' dir='ltr'><strong>Niwentcn</strong></span> <span class='ocrx_word' id='word_1_138' title='bbox 1260 2794 1296 2858; x_wconf 92' lang='lat' dir='ltr'><strong>in</strong></span> <span class='ocrx_word' id='word_1_139' title='bbox 1329 2793 1524 2859; x_wconf 87' lang='lat' dir='ltr'><strong>lavatorium</strong></span> 
     </span>
     <span class='ocr_line' id='line_1_20' title="bbox 475 2897 1525 2984; baseline 0 -24"><span class='ocrx_word' id='word_1_140' title='bbox 475 2897 633 2964; x_wconf 85' lang='lat' dir='ltr'><strong>ducenda.</strong></span> <span class='ocrx_word' id='word_1_141' title='bbox 681 2897 725 2962; x_wconf 84' lang='lat' dir='ltr'><strong>Et</strong></span> <span class='ocrx_word' id='word_1_142' title='bbox 747 2904 868 2984; x_wconf 73' lang='lat' dir='ltr'><strong>praeter</strong></span> <span class='ocrx_word' id='word_1_143' title='bbox 883 2919 922 2964; x_wconf 92' lang='lat' dir='ltr'><strong>ea</strong></span> <span class='ocrx_word' id='word_1_144' title='bbox 937 2919 1011 2984; x_wconf 77' lang='lat' dir='ltr'><strong>quae</strong></span> <span class='ocrx_word' id='word_1_145' title='bbox 1034 2899 1071 2963; x_wconf 88' lang='lat' dir='ltr'><strong>in</strong></span> <span class='ocrx_word' id='word_1_146' title='bbox 1086 2897 1280 2984; x_wconf 86' lang='lat' dir='ltr'><strong>presbiterio</strong></span> <span class='ocrx_word' id='word_1_147' title='bbox 1301 2903 1414 2962; x_wconf 88' lang='lat' dir='ltr'><strong>nostro</strong></span> <span class='ocrx_word' id='word_1_148' title='bbox 1437 2915 1525 2960; x_wconf 90' lang='lat' dir='ltr'><strong>reno·</strong></span> 
     </span>
     <span class='ocr_line' id='line_1_21' title="bbox 476 2997 1525 3088; baseline -0.001 -25"><span class='ocrx_word' id='word_1_149' title='bbox 476 3000 588 3065; x_wconf 88' lang='lat' dir='ltr'><strong>vando</strong></span> <span class='ocrx_word' id='word_1_150' title='bbox 612 3005 646 3066; x_wconf 92' lang='lat' dir='ltr'><strong>ct</strong></span> <span class='ocrx_word' id='word_1_151' title='bbox 668 3000 705 3065; x_wconf 92' lang='lat' dir='ltr'><strong>in</strong></span> <span class='ocrx_word' id='word_1_152' title='bbox 727 3021 849 3088; x_wconf 88' lang='lat' dir='ltr'><strong>magna</strong></span> <span class='ocrx_word' id='word_1_153' title='bbox 867 3000 984 3067; x_wconf 83' lang='lat' dir='ltr'><strong>tabula</strong></span> <span class='ocrx_word' id='word_1_154' title='bbox 1006 3001 1048 3066; x_wconf 86' lang='lat' dir='ltr'><strong>ad</strong></span> <span class='ocrx_word' id='word_1_155' title='bbox 1072 3021 1229 3087; x_wconf 90' lang='lat' dir='ltr'><strong>magnum</strong></span> <span class='ocrx_word' id='word_1_156' title='bbox 1252 2999 1355 3065; x_wconf 89' lang='lat' dir='ltr'><strong>altare</strong></span> <span class='ocrx_word' id='word_1_157' title='bbox 1371 2997 1525 3064; x_wconf 81' lang='lat' dir='ltr'><strong>facienda</strong></span> 
     </span>
     <span class='ocr_line' id='line_1_22' title="bbox 478 3099 1527 3189; baseline -0.003 -23"><span class='ocrx_word' id='word_1_158' title='bbox 478 3101 522 3166; x_wconf 83' lang='lat' dir='ltr'><strong>Et</strong></span> <span class='ocrx_word' id='word_1_159' title='bbox 552 3108 674 3189; x_wconf 89' lang='lat' dir='ltr'><strong>praeter</strong></span> <span class='ocrx_word' id='word_1_160' title='bbox 696 3125 736 3170; x_wconf 93' lang='lat' dir='ltr'><strong>ea</strong></span> <span class='ocrx_word' id='word_1_161' title='bbox 759 3125 833 3189; x_wconf 85' lang='lat' dir='ltr'><strong>quae</strong></span> <span class='ocrx_word' id='word_1_162' title='bbox 866 3124 926 3189; x_wconf 90' lang='lat' dir='ltr'><strong>pro</strong></span> <span class='ocrx_word' id='word_1_163' title='bbox 959 3103 1059 3169; x_wconf 89' lang='lat' dir='ltr'><strong>tertio</strong></span> <span class='ocrx_word' id='word_1_164' title='bbox 1094 3103 1148 3168; x_wconf 94' lang='lat' dir='ltr'><strong>die</strong></span> <span class='ocrx_word' id='word_1_165' title='bbox 1171 3101 1311 3189; x_wconf 88' lang='lat' dir='ltr'><strong>singulis</strong></span> <span class='ocrx_word' id='word_1_166' title='bbox 1335 3099 1527 3186; x_wconf 85' lang='lat' dir='ltr'><strong>septimanis</strong></span> 
     </span>
     <span class='ocr_line' id='line_1_23' title="bbox 476 3201 1527 3291; baseline -0.004 -23"><span class='ocrx_word' id='word_1_167' title='bbox 476 3203 520 3268; x_wconf 88' lang='lat' dir='ltr'><strong>ad</strong></span> <span class='ocrx_word' id='word_1_168' title='bbox 553 3204 823 3271; x_wconf 87' lang='lat' dir='ltr'><strong>distributionem</strong></span> <span class='ocrx_word' id='word_1_169' title='bbox 860 3226 1044 3290; x_wconf 91' lang='lat' dir='ltr'><strong>pauperum</strong></span> <span class='ocrx_word' id='word_1_170' title='bbox 1076 3204 1321 3291; x_wconf 88' lang='lat' dir='ltr'><strong>imperpetuum</strong></span> <span class='ocrx_word' id='word_1_171' title='bbox 1352 3201 1527 3286; x_wconf 83' lang='lat' dir='ltr'><strong>statuendo</strong></span> 
     </span>
     <span class='ocr_line' id='line_1_24' title="bbox 477 3302 1527 3394; baseline -0.001 -26"><span class='ocrx_word' id='word_1_172' title='bbox 477 3305 707 3392; x_wconf 88' lang='lat' dir='ltr'><strong>impendimus.</strong></span> <span class='ocrx_word' id='word_1_173' title='bbox 754 3307 799 3372; x_wconf 88' lang='lat' dir='ltr'><strong>Et</strong></span> <span class='ocrx_word' id='word_1_174' title='bbox 814 3312 934 3394; x_wconf 86' lang='lat' dir='ltr'><strong>praeter</strong></span> <span class='ocrx_word' id='word_1_175' title='bbox 950 3328 989 3373; x_wconf 89' lang='lat' dir='ltr'><strong>ea</strong></span> <span class='ocrx_word' id='word_1_176' title='bbox 1003 3329 1078 3392; x_wconf 86' lang='lat' dir='ltr'><strong>quae</strong></span> <span class='ocrx_word' id='word_1_177' title='bbox 1101 3305 1343 3393; x_wconf 84' lang='lat' dir='ltr'><strong>assignavimus</strong></span> <span class='ocrx_word' id='word_1_178' title='bbox 1365 3305 1409 3370; x_wconf 87' lang='lat' dir='ltr'><strong>ad</strong></span> <span class='ocrx_word' id='word_1_179' title='bbox 1431 3302 1527 3368; x_wconf 92' lang='lat' dir='ltr'><strong>lumi·</strong></span> 
     </span>
     <span class='ocr_line' id='line_1_25' title="bbox 476 3407 1528 3496; baseline -0.003 -24"><span class='ocrx_word' id='word_1_180' title='bbox 476 3429 556 3474; x_wconf 90' lang='lat' dir='ltr'><strong>nare</strong></span> <span class='ocrx_word' id='word_1_181' title='bbox 580 3410 690 3476; x_wconf 84' lang='lat' dir='ltr'><strong>Bcatae</strong></span> <span class='ocrx_word' id='word_1_182' title='bbox 724 3410 846 3476; x_wconf 68' lang='lat' dir='ltr'><strong>Mariae.</strong></span> <span class='ocrx_word' id='word_1_183' title='bbox 893 3409 938 3476; x_wconf 82' lang='lat' dir='ltr'><strong>Et</strong></span> <span class='ocrx_word' id='word_1_184' title='bbox 971 3413 1091 3496; x_wconf 90' lang='lat' dir='ltr'><strong>praeter</strong></span> <span class='ocrx_word' id='word_1_185' title='bbox 1120 3430 1160 3476; x_wconf 90' lang='lat' dir='ltr'><strong>ea</strong></span> <span class='ocrx_word' id='word_1_186' title='bbox 1181 3431 1256 3495; x_wconf 84' lang='lat' dir='ltr'><strong>quas</strong></span> <span class='ocrx_word' id='word_1_187' title='bbox 1289 3407 1528 3494; x_wconf 81' lang='lat' dir='ltr'><strong>assignavimus</strong></span> 
     </span>
     <span class='ocr_line' id='line_1_26' title="bbox 476 3509 1529 3599; baseline -0.005 -21"><span class='ocrx_word' id='word_1_188' title='bbox 476 3511 520 3578; x_wconf 84' lang='lat' dir='ltr'><strong>ad</strong></span> <span class='ocrx_word' id='word_1_189' title='bbox 554 3513 733 3599; x_wconf 86' lang='lat' dir='ltr'><strong>pitanciam</strong></span> <span class='ocrx_word' id='word_1_190' title='bbox 756 3516 940 3578; x_wconf 84' lang='lat' dir='ltr'><strong>conventus</strong></span> <span class='ocrx_word' id='word_1_191' title='bbox 962 3512 1076 3578; x_wconf 88' lang='lat' dir='ltr'><strong>nostri.</strong></span> <span class='ocrx_word' id='word_1_192' title='bbox 1123 3511 1167 3577; x_wconf 88' lang='lat' dir='ltr'><strong>Et</strong></span> <span class='ocrx_word' id='word_1_193' title='bbox 1189 3517 1310 3598; x_wconf 83' lang='lat' dir='ltr'><strong>prester</strong></span> <span class='ocrx_word' id='word_1_194' title='bbox 1332 3531 1372 3576; x_wconf 89' lang='lat' dir='ltr'><strong>ea</strong></span> <span class='ocrx_word' id='word_1_195' title='bbox 1394 3531 1470 3596; x_wconf 87' lang='lat' dir='ltr'><strong>quae</strong></span> <span class='ocrx_word' id='word_1_196' title='bbox 1494 3509 1529 3572; x_wconf 92' lang='lat' dir='ltr'><strong>in</strong></span> 
     </span>
     <span class='ocr_line' id='line_1_27' title="bbox 478 3611 1528 3701; baseline -0.002 -23"><span class='ocrx_word' id='word_1_197' title='bbox 478 3615 681 3681; x_wconf 89' lang='lat' dir='ltr'><strong>ornamentis</strong></span> <span class='ocrx_word' id='word_1_198' title='bbox 716 3614 867 3692; x_wconf 80' lang='lat' dir='ltr'><strong>ecelesias,</strong></span> <span class='ocrx_word' id='word_1_199' title='bbox 890 3619 931 3680; x_wconf 91' lang='lat' dir='ltr'><strong>ut</strong></span> <span class='ocrx_word' id='word_1_200' title='bbox 964 3615 1001 3679; x_wconf 91' lang='lat' dir='ltr'><strong>in</strong></span> <span class='ocrx_word' id='word_1_201' title='bbox 1032 3613 1132 3701; x_wconf 86' lang='lat' dir='ltr'><strong>capis,</strong></span> <span class='ocrx_word' id='word_1_202' title='bbox 1154 3614 1282 3693; x_wconf 68' lang='lat' dir='ltr'><strong>casulis</strong></span> <span class='ocrx_word' id='word_1_203' title='bbox 1305 3611 1437 3691; x_wconf 90' lang='lat' dir='ltr'><strong>tunicis,</strong></span> <span class='ocrx_word' id='word_1_204' title='bbox 1460 3611 1528 3677; x_wconf 89' lang='lat' dir='ltr'><strong>dal-</strong></span> 
     </span>
     <span class='ocr_line' id='line_1_28' title="bbox 479 3712 1528 3806; baseline -0.003 -26"><span class='ocrx_word' id='word_1_205' title='bbox 479 3718 609 3784; x_wconf 87' lang='lat' dir='ltr'><strong>maticis</strong></span> <span class='ocrx_word' id='word_1_206' title='bbox 644 3725 679 3783; x_wconf 90' lang='lat' dir='ltr'><strong>et</strong></span> <span class='ocrx_word' id='word_1_207' title='bbox 710 3717 808 3783; x_wconf 89' lang='lat' dir='ltr'><strong>rebus</strong></span> <span class='ocrx_word' id='word_1_208' title='bbox 839 3717 916 3782; x_wconf 87' lang='lat' dir='ltr'><strong>aliis</strong></span> <span class='ocrx_word' id='word_1_209' title='bbox 949 3717 1179 3803; x_wconf 87' lang='lat' dir='ltr'><strong>impendimus.</strong></span> <span class='ocrx_word' id='word_1_210' title='bbox 1226 3717 1327 3806; x_wconf 85' lang='lat' dir='ltr'><strong>Unde</strong></span> <span class='ocrx_word' id='word_1_211' title='bbox 1365 3712 1528 3783; x_wconf 90' lang='lat' dir='ltr'><strong>commissi</strong></span> 
     </span>
     <span class='ocr_line' id='line_1_29' title="bbox 479 3817 1530 3906; baseline -0.002 -24"><span class='ocrx_word' id='word_1_212' title='bbox 479 3820 573 3884; x_wconf 87' lang='lat' dir='ltr'><strong>nobis</strong></span> <span class='ocrx_word' id='word_1_213' title='bbox 618 3819 792 3906; x_wconf 84' lang='lat' dir='ltr'><strong>pastoralis</strong></span> <span class='ocrx_word' id='word_1_214' title='bbox 833 3817 932 3886; x_wconf 87' lang='lat' dir='ltr'><strong>officii</strong></span> <span class='ocrx_word' id='word_1_215' title='bbox 975 3819 1156 3886; x_wconf 86' lang='lat' dir='ltr'><strong>auctoritas</strong></span> <span class='ocrx_word' id='word_1_216' title='bbox 1192 3839 1252 3886; x_wconf 92' lang='lat' dir='ltr'><strong>nos</strong></span> <span class='ocrx_word' id='word_1_217' title='bbox 1290 3818 1454 3898; x_wconf 85' lang='lat' dir='ltr'><strong>hortatur,</strong></span> <span class='ocrx_word' id='word_1_218' title='bbox 1491 3821 1530 3881; x_wconf 90' lang='lat' dir='ltr'><strong>ut</strong></span> 
     </span>
     <span class='ocr_line' id='line_1_30' title="bbox 478 3921 1531 4008; baseline 0 -22"><span class='ocrx_word' id='word_1_219' title='bbox 478 3921 598 3988; x_wconf 85' lang='lat' dir='ltr'><strong>fratres</strong></span> <span class='ocrx_word' id='word_1_220' title='bbox 620 3923 725 3987; x_wconf 88' lang='lat' dir='ltr'><strong>nostri</strong></span> <span class='ocrx_word' id='word_1_221' title='bbox 748 3922 806 4008; x_wconf 90' lang='lat' dir='ltr'><strong>qui</strong></span> <span class='ocrx_word' id='word_1_222' title='bbox 830 3922 867 3986; x_wconf 93' lang='lat' dir='ltr'><strong>in</strong></span> <span class='ocrx_word' id='word_1_223' title='bbox 889 3922 1025 3990; x_wconf 82' lang='lat' dir='ltr'><strong>ecclesia</strong></span> <span class='ocrx_word' id='word_1_224' title='bbox 1054 3921 1299 3990; x_wconf 82' lang='lat' dir='ltr'><strong>Malmesburiae</strong></span> <span class='ocrx_word' id='word_1_225' title='bbox 1321 3921 1385 3987; x_wconf 93' lang='lat' dir='ltr'><strong>sub</strong></span> <span class='ocrx_word' id='word_1_226' title='bbox 1416 3942 1531 3987; x_wconf 84' lang='lat' dir='ltr'><strong>norma</strong></span> 
     </span>
     <span class='ocr_line' id='line_1_31' title="bbox 479 4025 1530 4112; baseline 0 -24"><span class='ocrx_word' id='word_1_227' title='bbox 479 4030 693 4091; x_wconf 76' lang='lat' dir='ltr'><strong>sacrosanctae</strong></span> <span class='ocrx_word' id='word_1_228' title='bbox 728 4025 899 4112; x_wconf 89' lang='lat' dir='ltr'><strong>religionis</strong></span> <span class='ocrx_word' id='word_1_229' title='bbox 930 4026 1059 4112; x_wconf 90' lang='lat' dir='ltr'><strong>pondus</strong></span> <span class='ocrx_word' id='word_1_230' title='bbox 1090 4025 1158 4092; x_wconf 89' lang='lat' dir='ltr'><strong>diei</strong></span> <span class='ocrx_word' id='word_1_231' title='bbox 1190 4030 1327 4112; x_wconf 89' lang='lat' dir='ltr'><strong>portant</strong></span> <span class='ocrx_word' id='word_1_232' title='bbox 1357 4030 1392 4091; x_wconf 89' lang='lat' dir='ltr'><strong>et</strong></span> <span class='ocrx_word' id='word_1_233' title='bbox 1421 4028 1530 4099; x_wconf 86' lang='lat' dir='ltr'><strong>aestus,</strong></span> 
     </span>
     <span class='ocr_line' id='line_1_32' title="bbox 479 4126 1529 4214; baseline 0.003 -25"><span class='ocrx_word' id='word_1_234' title='bbox 479 4126 624 4211; x_wconf 89' lang='lat' dir='ltr'><strong>aliquam</strong></span> <span class='ocrx_word' id='word_1_235' title='bbox 647 4133 768 4192; x_wconf 70' lang='lat' dir='ltr'><strong>nostrae</strong></span> <span class='ocrx_word' id='word_1_236' title='bbox 792 4128 1025 4214; x_wconf 84' lang='lat' dir='ltr'><strong>adquisitionis</strong></span> <span class='ocrx_word' id='word_1_237' title='bbox 1047 4129 1084 4193; x_wconf 93' lang='lat' dir='ltr'><strong>in</strong></span> <span class='ocrx_word' id='word_1_238' title='bbox 1098 4129 1282 4195; x_wconf 90' lang='lat' dir='ltr'><strong>communis</strong></span> <span class='ocrx_word' id='word_1_239' title='bbox 1304 4132 1413 4194; x_wconf 85' lang='lat' dir='ltr'><strong>statua</strong></span> <span class='ocrx_word' id='word_1_240' title='bbox 1438 4127 1529 4193; x_wconf 91' lang='lat' dir='ltr'><strong>meli·</strong></span> 
     </span>
     <span class='ocr_line' id='line_1_33' title="bbox 480 4228 1529 4318; baseline 0.002 -25"><span class='ocrx_word' id='word_1_241' title='bbox 480 4228 627 4294; x_wconf 85' lang='lat' dir='ltr'><strong>oratione</strong></span> <span class='ocrx_word' id='word_1_242' title='bbox 666 4236 700 4294; x_wconf 89' lang='lat' dir='ltr'><strong>et</strong></span> <span class='ocrx_word' id='word_1_243' title='bbox 734 4231 1004 4318; x_wconf 89' lang='lat' dir='ltr'><strong>augmentatione</strong></span> <span class='ocrx_word' id='word_1_244' title='bbox 1043 4231 1191 4298; x_wconf 88' lang='lat' dir='ltr'><strong>sentiant</strong></span> <span class='ocrx_word' id='word_1_245' title='bbox 1233 4230 1529 4318; x_wconf 83' lang='lat' dir='ltr'><strong>participationem,</strong></span> 
     </span>
     <span class='ocr_line' id='line_1_34' title="bbox 479 4330 1531 4420; baseline 0.006 -26"><span class='ocrx_word' id='word_1_246' title='bbox 479 4330 617 4395; x_wconf 85' lang='lat' dir='ltr'><strong>excitati</strong></span> <span class='ocrx_word' id='word_1_247' title='bbox 654 4331 789 4399; x_wconf 89' lang='lat' dir='ltr'><strong>stimulo</strong></span> <span class='ocrx_word' id='word_1_248' title='bbox 827 4334 975 4399; x_wconf 83' lang='lat' dir='ltr'><strong>caritatis</strong></span> <span class='ocrx_word' id='word_1_249' title='bbox 1013 4339 1047 4399; x_wconf 89' lang='lat' dir='ltr'><strong>et</strong></span> <span class='ocrx_word' id='word_1_250' title='bbox 1080 4333 1277 4412; x_wconf 86' lang='lat' dir='ltr'><strong>devotionis,</strong></span> <span class='ocrx_word' id='word_1_251' title='bbox 1315 4354 1417 4419; x_wconf 89' lang='lat' dir='ltr'><strong>quam</strong></span> <span class='ocrx_word' id='word_1_252' title='bbox 1455 4353 1531 4420; x_wconf 78' lang='lat' dir='ltr'><strong>erga</strong></span> 
     </span>
     <span class='ocr_line' id='line_1_35' title="bbox 482 4433 1531 4523; baseline 0.001 -25"><span class='ocrx_word' id='word_1_253' title='bbox 482 4439 630 4500; x_wconf 83' lang='lat' dir='ltr'><strong>sanctam</strong></span> <span class='ocrx_word' id='word_1_254' title='bbox 654 4433 845 4521; x_wconf 86' lang='lat' dir='ltr'><strong>religionem</strong></span> <span class='ocrx_word' id='word_1_255' title='bbox 860 4437 1013 4523; x_wconf 87' lang='lat' dir='ltr'><strong>gerimus.</strong></span> <span class='ocrx_word' id='word_1_256' title='bbox 1054 4435 1145 4504; x_wconf 82' lang='lat' dir='ltr'><strong>Scire</strong></span> <span class='ocrx_word' id='word_1_257' title='bbox 1159 4435 1315 4502; x_wconf 90' lang='lat' dir='ltr'><strong>volumus</strong></span> <span class='ocrx_word' id='word_1_258' title='bbox 1337 4457 1452 4503; x_wconf 88' lang='lat' dir='ltr'><strong>omnes</strong></span> <span class='ocrx_word' id='word_1_259' title='bbox 1473 4455 1531 4522; x_wconf 89' lang='lat' dir='ltr'><strong>per</strong></span> 
     </span>
     <span class='ocr_line' id='line_1_36' title="bbox 478 4539 1532 4626; baseline 0.006 -24"><span class='ocrx_word' id='word_1_260' title='bbox 478 4542 657 4623; x_wconf 70' lang='lat' dir='ltr'><strong>praesentes</strong></span> <span class='ocrx_word' id='word_1_261' title='bbox 681 4539 769 4624; x_wconf 91' lang='lat' dir='ltr'><strong>quod</strong></span> <span class='ocrx_word' id='word_1_262' title='bbox 791 4560 851 4605; x_wconf 91' lang='lat' dir='ltr'><strong>nos</strong></span> <span class='ocrx_word' id='word_1_263' title='bbox 881 4540 926 4607; x_wconf 85' lang='lat' dir='ltr'><strong>ad</strong></span> <span class='ocrx_word' id='word_1_264' title='bbox 949 4561 1079 4606; x_wconf 91' lang='lat' dir='ltr'><strong>omnem</strong></span> <span class='ocrx_word' id='word_1_265' title='bbox 1109 4539 1283 4607; x_wconf 87' lang='lat' dir='ltr'><strong>materiam</strong></span> <span class='ocrx_word' id='word_1_266' title='bbox 1315 4544 1418 4626; x_wconf 88' lang='lat' dir='ltr'><strong>atque</strong></span> <span class='ocrx_word' id='word_1_267' title='bbox 1441 4559 1532 4608; x_wconf 69' lang='lat' dir='ltr'><strong>occa·</strong></span> 
     </span>
     <span class='ocr_line' id='line_1_37' title="bbox 478 4640 1531 4731; baseline 0.001 -27"><span class='ocrx_word' id='word_1_268' title='bbox 478 4640 602 4704; x_wconf 88' lang='lat' dir='ltr'><strong>sionem</strong></span> <span class='ocrx_word' id='word_1_269' title='bbox 626 4641 867 4707; x_wconf 69' lang='lat' dir='ltr'><strong>murmuris-de</strong></span> <span class='ocrx_word' id='word_1_270' title='bbox 899 4665 996 4730; x_wconf 84' lang='lat' dir='ltr'><strong>grege</strong></span> <span class='ocrx_word' id='word_1_271' title='bbox 1020 4642 1185 4711; x_wconf 88' lang='lat' dir='ltr'><strong>dominico</strong></span> <span class='ocrx_word' id='word_1_272' title='bbox 1215 4643 1350 4731; x_wconf 87' lang='lat' dir='ltr'><strong>penitus</strong></span> <span class='ocrx_word' id='word_1_273' title='bbox 1382 4643 1531 4709; x_wconf 86' lang='lat' dir='ltr'><strong>auferen-</strong></span> 
     </span>
     <span class='ocr_line' id='line_1_38' title="bbox 477 4743 1529 4831; baseline 0.004 -24"><span class='ocrx_word' id='word_1_274' title='bbox 477 4743 554 4808; x_wconf 91' lang='lat' dir='ltr'><strong>dam</strong></span> <span class='ocrx_word' id='word_1_275' title='bbox 585 4749 620 4809; x_wconf 89' lang='lat' dir='ltr'><strong>et</strong></span> <span class='ocrx_word' id='word_1_276' title='bbox 642 4745 884 4831; x_wconf 85' lang='lat' dir='ltr'><strong>extirpandam,</strong></span> <span class='ocrx_word' id='word_1_277' title='bbox 907 4746 947 4810; x_wconf 91' lang='lat' dir='ltr'><strong>de</strong></span> <span class='ocrx_word' id='word_1_278' title='bbox 970 4747 1137 4814; x_wconf 86' lang='lat' dir='ltr'><strong>communi</strong></span> <span class='ocrx_word' id='word_1_279' title='bbox 1171 4747 1313 4816; x_wconf 82' lang='lat' dir='ltr'><strong>fratrum</strong></span> <span class='ocrx_word' id='word_1_280' title='bbox 1343 4752 1529 4814; x_wconf 87' lang='lat' dir='ltr'><strong>nostrorum</strong></span> 
     </span>
    </p>
   </div>
   <div class='ocr_carea' id='block_1_3' title="bbox 0 0 1774 5808">
    <p class='ocr_par' dir='ltr' id='par_1_3' title="bbox 0 0 1774 5808">
     <span class='ocr_line' id='line_1_39' title="bbox 0 0 1774 5808; baseline 0 0"><span class='ocrx_word' id='word_1_281' title='bbox 0 0 1774 5808; x_wconf 95' lang='lat' dir='ltr'><strong> </strong></span> 
     </span>
    </p>
   </div>
  </div>
 </body>
</html>
