3566 5820
535 909 735 960 uaersrauu
757 911 1081 964 nanumauarrusn.
1268 903 1332 968 129

279 1097 341 1163 hoe
355 1097 516 1184 seriptum
539 1097 736 1184 bipartitum
759 1099 920 1167 internos
936 1107 971 1167 et
994 1103 1189 1188 praedictum
1213 1107 1332 1192 magis·

280 1206 369 1264 trum
400 1199 546 1279 fecimus,
580 1205 615 1266 et
648 1202 765 1289 sigillis
799 1204 922 1269 nostris
954 1204 1145 1273 alternatim
1179 1209 1331 1296 appensis

280 1302 516 1370 roboravimus.

670 1530 749 1598 Car.
775 1530 937 1598 ecam

293 1683 342 1752 De
367 1689 552 1752 temulento
576 1683 754 1773 quondum
778 1684 929 1752 Heortoo
953 1684 1038 1752 Orela
1060 1681 1104 1751 in
1125 1683 1319 1752 Foedeuoilc.

323 1835 441 1903 Sciant
463 1841 642 1923 praesentes
666 1842 700 1903 et
722 1837 830 1903 latini
846 1838 934 1922 quod
958 1857 1018 1923 ego
1037 1837 1202 1905 Hemieus
1222 1836 1331 1904 Oroek
1344 1858 1492 1911 emtor.

279 1940 320 2006 de
343 1939 551 2019 Haselburia,
574 1941 716 2008 eoneessi
747 1945 782 2006 et
815 1941 878 2007 hoo
908 1941 1065 2027 praesenti
1099 1941 1221 2027 seripto
1253 1931 1485 2042 οοιι-ξῇξῒξιζζ

278 2045 408 2110 firmavi
439 2066 499 2130 pro
522 2067 575 2110 me
596 2051 632 2110 et
657 2044 833 2110 heredibus
866 2043 948 2109 meis
980 2045 1231 2131 imperpetuum,
1258 2043 1415 2111 Deowiek.

277 2153 312 2213 et
328 2147 469 2213 eeclesiae
492 2147 588 2212 Beati
610 2146 779 2212 Aldhelmi
802 2148 843 2212 de
859 2146 1099 2225 Malmesburia,
1116 2152 1150 2212 et
1165 2145 1330 2213 Willelmo

278 2249 394 2315 abbati
425 2254 460 2315 et
491 2248 662 2315 monachis
696 2249 820 2314 ibidem
854 2248 926 2314 Deo
960 2248 1190 2326 servientibus,
1223 2254 1332 2316 totum

279 2351 364 2417 illud
386 2357 617 2418 tenementum
640 2352 729 2438 quod
751 2357 803 2417 est
825 2352 867 2417 de
889 2352 984 2418 feodo
1016 2373 1088 2418 meo
1112 2353 1148 2416 in
1170 2351 1332 2418 Foweles-

279 2454 377 2533 wilre,
405 2475 480 2522 oum
512 2454 666 2522 omnibus
696 2455 908 2542 pertinentiis
942 2455 1020 2532 suis,
1053 2455 1141 2540 quod
1175 2455 1332 2540 magister

279 2557 460 2623 Nieholaus
484 2557 524 2622 de
548 2557 785 2624 Malmesburia
807 2557 854 2621 eis
877 2557 979 2636 dedit,
1001 2561 1036 2622 et
1057 2562 1151 2622 carta
1172 2577 1232 2622 sua
1254 2577 1330 2622 oon-

277 2659 431 2738 firmavit,
455 2665 555 2746 prout
577 2665 669 2726 carta
692 2661 796 2746 ipsius
819 2659 970 2747 magistri
993 2657 1159 2743 Nieholay
1183 2659 1223 2724 de
1245 2680 1329 2744 prae-

278 2762 366 2827 dicto
388 2767 577 2828 tenemento
600 2763 647 2828 eis
669 2762 826 2838 confecta,
842 2762 979 2848 plenius,
996 2762 1123 2838 melius,
1138 2766 1173 2826 et
1193 2761 1329 2826 liberius

278 2867 438 2930 testatur:
470 2864 520 2928 ita
544 2864 632 2949 quod
662 2885 723 2930 nee
753 2885 821 2952 ego,
849 2885 910 2930 neo
940 2864 1060 2949 aliquis
1092 2863 1251 2928 heredum
1275 2862 1328 2927 vel

277 2968 518 3052 assignatorum
542 2987 700 3046 meorum,
719 2965 846 3050 aliquid
864 2965 952 3051 juris
974 2965 1028 3030 vel
1052 2965 1162 3030 elamii
1189 2965 1225 3028 in
1246 2985 1328 3050 prae-

279 3067 366 3134 dicto
388 3072 588 3147 tenemento,
610 3074 670 3132 aut
692 3067 763 3153 ejus
786 3068 1005 3154 pertinentiis,
1028 3068 1190 3154 possimus
1213 3067 1328 3132 vendi·
1341 3085 1359 3136 f.
1372 3087 1452 3138 aua.

278 3191 368 3250 eare;
397 3191 457 3236 nee
480 3170 626 3256 aliquam
649 3175 771 3236 saetam
797 3191 859 3236 nee
881 3169 1073 3257 homagium
1096 3171 1138 3234 de
1161 3167 1329 3255 praedietis

276 3273 395 3340 abbate
429 3279 464 3339 et
493 3271 682 3349 eonventu,¹
704 3293 764 3338 nee
794 3271 922 3358 aliquid
952 3271 1045 3337 aliud
1077 3271 1253 3336 servicium
1286 3269 1329 3337 ab

277 3376 399 3441 eisdem
422 3374 476 3440 vel
498 3395 611 3440 eorum
642 3375 887 3453 suecessoribus,
917 3375 988 3440 sive
1019 3373 1264 3452 atenentibus,
1288 3373 1328 3437 de

277 3483 348 3544 toto
374 3477 531 3564 praedicto
563 3479 752 3542 tenemento
786 3476 1030 3563 imperpetuum
1064 3476 1227 3562 possimus
1259 3474 1329 3540 exi·

275 3601 375 3668 gere;
416 3579 509 3645 salvo
547 3579 696 3665 scutagio
734 3584 896 3664 quantum
934 3577 1082 3666 pertinet
1119 3577 1163 3642 ad
1200 3577 1327 3643 dietum

277 3687 510 3759 tenementum,
533 3703 609 3748 oum
638 3681 836 3768 generaliter
862 3673 994 3747 evenire
1017 3681 1072 3746 vel
1094 3700 1223 3746 currere
1250 3699 1327 3745 eon-

276 3785 396 3872 tigerit.
455 3783 519 3850 Pro
549 3783 612 3850 hae
641 3789 754 3850 autem
784 3783 990 3850 consessione
1022 3787 1057 3848 et
1079 3781 1326 3848 eonfirmatione

276 3909 357 3964 mea,
381 3887 542 3952 dederunt
574 3885 657 3950 mihi
687 3886 837 3972 praedicti
867 3885 970 3952 abbas
998 3890 1033 3950 et
1055 3889 1237 3952 conventus
1267 3905 1327 3948 sex

276 4011 401 4055 mareas
424 3989 561 4076 argenti.
838 4070 842 4078 Ι

321 4091 366 4157 Et
388 4097 428 4166 ut
449 4090 521 4156 haeo
550 4109 623 4154 mea
645 4090 808 4156 eoneessio
839 4094 874 4155 et
896 4089 1101 4155 confirmatio
1132 4091 1231 4155 robur
1255 4111 1327 4176 per-

275 4193 451 4279 petuitatis
486 4193 667 4279 optineant,
699 4193 761 4259 hoe
793 4193 953 4278 seriptum
988 4192 1111 4258 eisdem
1142 4192 1257 4257 abbati
1291 4195 1326 4256 et

275 4297 455 4362 conventui
477 4295 548 4374 feei,
573 4300 607 4362 et
629 4294 738 4382 sigillo
761 4315 835 4359 meo
857 4295 996 4381 signavi.

1153 4465 1325 4473 --—--·-.

667 4568 676 4601 ¹
693 4570 830 4631 conamini,
841 4567 867 4619 in
878 4569 935 4620 MS.
