3524 5808
406 872 472 934 414
821 883 995 931 srrssmx
1022 881 1056 930 11.

234 1067 296 1130 Qua
307 1067 382 1118 claim
437 1056 599 1122 Omnibus
615 1058 658 1122 ad
673 1079 754 1142 quos
770 1065 948 1145 praesentes
958 1059 1101 1124 litterae¹
1117 1061 1336 1145 pervenerint,
1346 1059 1459 1146 Agnes

233 1136 381 1252 ξζιοῇξξθξο
406 1183 480 1248 quae
498 1162 562 1227 luit
585 1184 669 1227 uxor
688 1163 839 1229 Gervasii
855 1166 895 1229 de
912 1164 1077 1242 Wottone,
1092 1165 1233 1230 salutem
1256 1165 1292 1229 in
1307 1165 1458 1230 Domino.

233 1269 301 1318 Wm·
314 1269 346 1318 de
406 1265 576 1330 Noveritis
607 1287 659 1330 me
693 1267 855 1332 remisisse
889 1269 1021 1332 omnino
1060 1269 1100 1332 de
1123 1289 1175 1332 me
1216 1273 1250 1332 et
1282 1267 1459 1333 heredibus

232 1335 388 1460 ffi‘ffim
405 1369 486 1432 meis
512 1369 662 1454 quietum
694 1369 851 1434 clamasse
879 1371 1012 1435 domino
1036 1368 1203 1434 Willelmo
1226 1371 1266 1435 de
1289 1371 1459 1456 Badmyn-

232 1467 335 1516 ⁰sM21·
405 1477 490 1552 tone‚
506 1470 619 1535 abbati
643 1471 683 1536 de
706 1471 948 1549 Malmesburia,
964 1477 999 1537 et
1022 1471 1168 1558 ejusdem
1192 1471 1257 1538 loci
1280 1473 1459 1537 conventui

232 1537 361 1600 niesuury.
404 1575 657 1660 imperpetuum,
689 1581 798 1639 tolum
827 1576 883 1662 jus
915 1582 949 1639 et
972 1575 1126 1640 clamium
1150 1576 1239 1660 quod
1271 1576 1372 1640 habui
1405 1575 1457 1641 vel

404 1673 523 1740 habere
555 1677 648 1760 potui
680 1677 716 1740 iu
747 1677 901 1742 omnibus
932 1678 1028 1741 terris
1060 1683 1094 1742 et
1128 1677 1335 1753 tenementis,
1358 1682 1397 1741 ut
1423 1677 1460 1741 in

404 1779 564 1855 domibus,
595 1778 872 1862 gardinis,te1ris
903 1779 1091 1856 arabilibus,
1123 1780 1236 1865 pratis,
1263 1779 1392 1864 pascuis
1423 1785 1458 1844 et

402 1881 554 1967 pasturis,
590 1887 625 1945 et
657 1881 810 1945 omnibus
847 1882 922 1946 aliis
956 1881 1177 1966 pertinentiis,
1199 1903 1275 1966 quae
1298 1881 1459 1966 praefatus

403 1983 580 2048 Gervasius
597 1983 762 2068 quondam
778 1985 832 2047 vir
856 2005 948 2049 meus
972 1985 1065 2049 dedit
1086 1991 1120 2048 et
1143 1985 1302 2050 concessit
1325 1985 1459 2049 domino

402 2083 578 2148 Willelmo‘
591 2085 632 2149 de
658 2082 805 2161 Coleme,
822 2085 988 2170 quondam
1012 2085 1125 2151 abbati
1150 2086 1190 2150 de
1214 2085 1460 2164 Malmesburia,

402 2187 628 2273 praedecessori
652 2187 804 2273 praedicti
828 2187 968 2264 abbatis,
992 2193 1026 2252 et
1050 2186 1198 2273 ejusdem
1228 2186 1291 2252 loci
1315 2209 1458 2253 conven-

401 2291 461 2366 tui,
486 2290 521 2352 in
545 2289 720 2374 Purytoue.
770 2290 878 2370 Quare
902 2290 985 2366 volo
1003 2295 1037 2355 et
1064 2311 1123 2374 pro
1146 2312 1199 2354 me
1223 2295 1257 2355 et
1279 2289 1458 2356 heredibus

400 2391 483 2455 meis
506 2390 654 2466 concedo,
679 2391 767 2475 quod
791 2391 969 2476 praedictus
992 2390 1093 2455 abbas
1117 2395 1151 2454 et
1174 2411 1374 2455 successores
1397 2393 1457 2466 sui,

401 2499 436 2558 et
463 2493 608 2576 ejusdem
641 2493 702 2557 loci
728 2499 921 2569 conventus,
954 2492 1100 2557 habeant
1123 2497 1157 2556 et
1182 2497 1322 2557 teneant
1345 2513 1458 2558 omnes

401 2599 506 2659 terras
537 2598 572 2658 et
607 2599 796 2658 tenemente
822 2595 990 2679 praedicta,
1014 2615 1089 2658 oum
1113 2594 1266 2659 omnibus
1289 2597 1357 2659 suis
1385 2617 1456 2680 per-

401 2697 552 2761 tinentiis
587 2702 626 2761 ut
664 2696 859 2782 praedictum
893 2703 951 2772 est,
987 2696 1097 2772 libere,
1121 2697 1232 2781 quiete
1264 2703 1298 2761 et
1330 2697 1457 2784 integre

402 2801 655 2884 imperpetuum,
677 2800 747 2862 sine
779 2798 847 2863 ullo
878 2803 1103 2864 retenemento
1134 2820 1192 2862 seu
1226 2799 1456 2866 reclamatione

401 2903 465 2968 mei
504 2902 557 2967 vel
588 2901 748 2966 heredum
782 2923 937 2966 meorum.
1002 2900 1059 2965 Ita
1090 2899 1178 2984 quod
1210 2922 1270 2965 nec
1303 2923 1363 2987 ego
1397 2925 1456 2967 nec

400 3005 535 3070 heredes
570 3005 634 3069 mei
658 3005 784 3088 aliquid
812 3005 898 3089 juris
933 3004 986 3068 vel
1020 3002 1130 3069 clamii
1163 3003 1204 3067 de
1227 3007 1345 3068 caetero
1380 3005 1456 3070 inde

401 3109 531 3193 exigere
566 3107 754 3192 poterimus
777 3106 835 3170 sed
857 3105 993 3170 omnino
1026 3106 1130 3169 simus
1164 3105 1242 3170 inde
1265 3106 1391 3170 exclusi
1413 3107 1457 3171 ab

399 3211 528 3276 actione
555 3211 808 3295 imperpetuum.
856 3207 896 3272 In
922 3209 1017 3294 cujus
1048 3209 1095 3273 rei
1126 3209 1354 3273 testimonium
1377 3209 1455 3275 huic

320 3301 324 3309 ’
400 3314 520 3398 scripto
543 3311 689 3398 sigillum
712 3333 821 3376 meum
846 3311 992 3397 apposui.
1040 3309 1116 3374 Hiis
1138 3311 1289 3388 testibus,
1313 3311 1454 3376 dominis

399 3415 552 3481 Johanne
591 3413 697 3489 Bluet,
732 3413 884 3478 Johanne
928 3412 1077 3491 Maudut,
1119 3412 1225 3476 Adam
1264 3411 1455 3488 Walraund‚

398 3518 551 3582 Johanne
567 3516 635 3581 filio
652 3515 786 3580 Thomae
810 3517 850 3580 de
873 3515 906 3580 la
930 3514 1030 3592 Mare,
1055 3515 1216 3579 militibus
1228 3539 1235 3592 ;
1258 3515 1399 3580 Ricardo
1414 3516 1454 3580 de

399 3621 622 3704 Daunteseya,
657 3618 810 3684 Johanne
833 3619 874 3683 de
911 3617 1077 3703 Stodleye‚
1115 3617 1268 3682 Johanne
1303 3618 1449 3704 Turpyn,

400 3723 554 3788 Jobanue
604 3722 644 3785 de
696 3720 828 3797 Combe,
867 3720 1016 3786 Waltero
1062 3721 1102 3785 de
1142 3719 1279 3804 Rysum‚
1327 3721 1453 3806 Rogare

401 3824 540 3901 Hasard,
563 3829 597 3888 et
620 3823 702 3888 aliis

226 4031 245 4082 r.
260 4037 289 4085 17
304 4032 326 4083 b.
444 4017 606 4082 Omnibus
629 4017 672 4082 ad
688 4038 770 4102 quos
784 4021 953 4103 presentes
976 4015 1082 4082 literae
1106 4017 1325 4102 pervenerint
1342 4017 1453 4102 Agnes

226 4124 333 4201 aereae
344 4127 378 4189 br
399 4139 472 4202 quae
490 4119 558 4184 fuit
573 4140 657 4184 uxor
673 4119 822 4184 Gervasii
843 4119 883 4184 de
900 4119 1066 4196 Wottone,
1085 4119 1225 4184 salutem
1249 4119 1285 4182 in
1300 4117 1452 4183 Domino.

226 4191 335 4321 ffigtfssfl
401 4220 572 4286 Noveritis
603 4245 655 4286 me
679 4222 842 4286 relaxasse
867 4222 1000 4286 domino
1024 4219 1189 4284 Willelmo
1213 4220 1253 4285 de
1287 4220 1454 4305 Badmyu·

400 4333 477 4390 tone
501 4325 614 4389 abbati
630 4325 670 4389 de
695 4324 937 4399 Malmesburia‚
953 4329 987 4388 et
1010 4323 1155 4409 ejusdem
1180 4322 1242 4387 loci
1266 4323 1453 4398 conventui,

401 4427 606 4492 omnimodas
644 4428 789 4491 actiones
829 4446 910 4510 quas
954 4424 1064 4502 habui,
1104 4425 1156 4489 vel
1202 4423 1313 4510 aliquo
1355 4423 1452 4488 modo

399 4527 519 4594 habere
553 4529 648 4614 potui
683 4548 759 4612 erga
783 4547 836 4591 eos
868 4526 908 4590 de
932 4525 1084 4590 omnibus
1107 4527 1279 4611 arreragiis
1302 4526 1393 4590 bladi
1417 4531 1455 4590 et

398 4632 513 4707 buscae,
546 4631 581 4694 in
605 4629 725 4716 quibus
753 4628 839 4693 idem
864 4628 964 4692 abbas
988 4634 1022 4692 et
1046 4633 1228 4692 conventus
1252 4627 1333 4691 mihi
1359 4634 1450 4692 tene·

788 4761 877 4766 .-—--
905 4761 952 4765 ---
973 4761 1011 4766 ——
1066 4761 1108 4766 -—
1155 4761 1162 4764 -
1236 4759 1452 4767 -———-—.—.

774 4828 781 4860 ¹
794 4825 898 4892 littaroe]
914 4815 967 4876 lle·
978 4825 1004 4876 in
1016 4826 1073 4880 MS.
