3566 5820
443 869 508 934 158
695 882 892 934 auorsrnun
916 883 1237 936 araunrsrunrrrsa.

441 1069 617 1149 ⁷coluerint,
650 1069 830 1146 includant,
858 1070 928 1134 aine
960 1069 1072 1155 aliqua
1101 1071 1368 1149 contradictione,
1391 1093 1490 1138 vexa-

442 1173 532 1238 tione
566 1172 620 1237 vel
643 1173 873 1238 reclamatione
904 1172 977 1248 mei,
1006 1172 1058 1236 vel
1082 1171 1238 1238 heredum
1265 1194 1322 1238 seu
1346 1174 1491 1260 assigna-

442 1282 561 1354 torum,
585 1276 638 1341 vel
669 1278 768 1366 etiam
793 1275 964 1341 hominum
988 1296 1133 1342 meorum
1158 1276 1421 1364 imperpetuum;
1443 1278 1491 1342 ita

440 1379 530 1464 quod
564 1400 625 1444 nec
659 1401 719 1464 ego
745 1400 806 1443 nec
829 1378 949 1464 aliquis
980 1378 1137 1442 heredum
1169 1400 1228 1443 seu
1249 1380 1489 1465 assignatorum

441 1501 598 1558 meorum,
614 1481 666 1546 vel
691 1481 791 1546 ctiam
815 1480 986 1546 hominurn
1009 1502 1166 1558 meorum,
1189 1481 1315 1566 aliquid
1333 1483 1420 1567 juris
1437 1483 1491 1547 vel

439 1584 550 1648 clamii
568 1583 639 1648 sive
659 1583 804 1670 aliquam
827 1604 1034 1649 communem
1058 1583 1093 1647 in
1108 1583 1267 1668 praedicta
1289 1583 1395 1670 placia
1410 1606 1492 1670 prae·

440 1686 538 1751 dictae
560 1685 688 1752 brucrae
710 1686 805 1752 nobis
827 1687 1001 1752 vendicare
1024 1687 1186 1772 possimus
1209 1687 1460 1772 imperpetuum.

486 1789 530 1854 Et
552 1790 589 1854 in
611 1789 838 1854 testimonium
870 1788 971 1873 hujus
1001 1789 1202 1854 remissionis
1225 1795 1259 1855 et
1281 1790 1403 1874 quictae
1424 1790 1490 1855 cla-

441 1890 586 1968 mantiae,
608 1891 670 1956 hoc
693 1891 851 1976 scriptum
875 1891 998 1956 eisdem
1021 1889 1135 1956 abbati
1156 1895 1191 1956 et
1213 1893 1392 1958 conventui
1418 1891 1490 1968 feci,

441 1999 476 2062 et
497 1992 605 2080 sigillo
627 2013 701 2058 meo
723 1992 860 2078 signavi.

777 2207 856 2273 Car.
882 2207 1162 2274 CCLXXXVIII.

455 2364 576 2448 Quieta
599 2363 789 2430 clericalia
811 2365 959 2432 Ricardi-
982 2367 1011 2431 lc
1033 2365 1133 2431 Breth
1156 2364 1196 2432 cle
1219 2364 1334 2432 eadem
1359 2365 1490 2433 barela.

487 2505 601 2570 Sciant
622 2511 800 2590 praesentes
820 2510 855 2570 ct
875 2507 980 2570 futuri
1002 2507 1089 2591 quod
1106 2528 1165 2592 ego
1184 2507 1344 2572 Ricardus
1365 2508 1395 2572 le
1411 2509 1491 2574 Brct

303 2597 350 2631 ²¹¹⁰·
441 2607 482 2671 de
498 2607 653 2672 Westone
675 2607 794 2684 remisi,
817 2613 850 2672 et
874 2606 1024 2692 quietum
1047 2607 1196 2684 clamavi,
1221 2629 1279 2693 pro
1301 2630 1353 2673 me
1374 2615 1409 2675 et
1430 2631 1489 2695 pro

440 2707 615 2774 heredibus
638 2709 727 2786 meis,
754 2715 789 2775 et
809 2731 868 2795 pro
884 2711 1037 2774 omnibus
1059 2709 1248 2775 hominibus
1267 2712 1349 2776 meis
1373 2713 1490 2798 imper-

441 2818 587 2898 petuum,
611 2811 753 2876 dominis
775 2812 858 2876 meis
881 2811 1047 2876 Willelmo
1078 2809 1141 2876 Dei
1168 2813 1276 2897 gratia
1306 2813 1419 2878 abbati
1449 2815 1489 2880 de

441 2913 682 2992 Malmeeburia,
695 2921 729 2981 et
744 2914 891 2999 ejusdem
914 2914 977 2980 loci
992 2915 1177 2992 conventui,
1194 2920 1227 2980 et
1243 2936 1355 2980 eorum
1367 2937 1490 2982 succes-

440 3018 575 3096 soribus,
589 3023 697 3082 totum
707 3018 765 3103 jus
781 3021 815 3081 et
830 3017 984 3081 clamium
1001 3021 1036 3080 ct
1050 3021 1156 3081 totam
1168 3037 1376 3082 communem
1392 3039 1490 3104 quam

439 3121 624 3198 habuimus,
640 3119 695 3186 vel
717 3119 829 3205 aliquo
844 3119 941 3184 modo
964 3118 1084 3184 habere
1100 3119 1270 3204 potuimus
1288 3121 1324 3185 in
1347 3120 1490 3206 quadam

439 3224 546 3310 placia
567 3244 695 3308 magnae
718 3221 844 3286 bruerae
868 3241 982 3284 versus
1005 3219 1206 3306 Corsgrave3
1230 3223 1331 3307 [quae]
1356 3221 1490 3307 quidem

439 3325 546 3412 plania
564 3325 655 3409 jacet
677 3324 764 3388 inter
780 3323 861 3387 duas
877 3322 1025 3386 culturas
1048 3322 1088 3386 dc
1111 3321 1147 3386 la
1169 3322 1349 3411 Kolccalaepc
1372 3331 1406 3388 et
1428 3323 1489 3389 Al-

439 3426 603 3514 aycabcpc;
626 3425 782 3490 videlicet
797 3425 840 3489 ab
855 3423 1051 3490 occidentali
1065 3424 1187 3510 angulo
1203 3425 1243 3490 de
1259 3425 1296 3489 la
1311 3424 1489 3513 Kokcsbcbe
1516 3473 1520 3480 -

439 3550 542 3613 usque
557 3527 600 3591 ad
617 3526 850 3591 occidentalem
866 3525 1026 3612 angulum
1043 3525 1084 3591 de
1099 3525 1297 3613 Alsycalzepc,
1312 3547 1371 3612 per
1386 3549 1489 3612 quan-

439 3631 516 3694 dam
539 3629 679 3693 viridem
702 3627 802 3704 viam,
818 3634 852 3692 et
873 3649 932 3714 per
955 3628 1119 3713 quendam
1142 3627 1296 3704 rivulum,
1320 3650 1423 3714 usque
1446 3629 1488 3695 ad

438 3732 632 3819 pradictum
653 3729 811 3818 angulum
834 3729 874 3794 dc
889 3728 1098 3817 Alapcshcbe:
1123 3729 1255 3806 scilicet,
1278 3729 1315 3793 in
1338 3735 1410 3795 tota
1432 3731 1490 3796 illa

439 3835 553 3922 placia‚
577 3854 651 3918 quae
678 3833 769 3918 jacet
799 3831 835 3895 iu
866 3829 1020 3896 orientali
1052 3825 1147 3916 parta
1176 3831 1344 3917 praedictae
1368 3833 1432 3896 viae
1455 3839 1490 3896 et

439 3936 590 4024 praedicti
612 3935 721 4011 rivuli,
746 3935 834 3999 inter
857 3933 1032 4019 praedictas
1054 3933 1220 3998 culturas:
1246 3933 1432 3998 habendam
1455 3941 1491 3999 et

439 4038 616 4104 tenendam
639 4041 744 4101 totam
774 4035 965 4121 praedictam
997 4033 1137 4121 placiam
1164 4035 1330 4121 praedictae
1352 4035 1489 4115 bruerae,

438 4140 605 4227 praedictis
634 4137 748 4204 abbati
779 4144 813 4202 et
836 4138 1014 4203 conventui
1045 4143 1213 4202 eteorum
1244 4137 1490 4218 successoribus,

437 4244 575 4308 liberam
606 4247 642 4306 et
671 4240 838 4326 quietam;
861 4246 896 4304 et
926 4261 997 4304 eam
1021 4240 1144 4304 fossato
1175 4240 1426 4326 circumquaque
1461 4243 1489 4307 si

438 4344 605 4408 voluerint
636 4342 819 4418 includant,
851 4343 922 4406 sine
953 4341 1066 4426 aliqua
1099 4340 1365 4420 contradictione,
1389 4363 1491 4409 vexa·

438 4447 528 4512 tione
551 4445 606 4509 vel
628 4444 859 4509 reclamatione
890 4443 963 4520 mei,
988 4442 1041 4508 vel
1064 4441 1231 4522 heredum,
1255 4464 1313 4508 seu
1342 4444 1485 4531 assigna·

437 4555 556 4624 torum,
594 4545 650 4611 vel
686 4547 787 4610 etiam
825 4545 997 4611 hominum
1040 4565 1196 4622 meorum,
1235 4545 1487 4632 imperpetuum.

436 4651 491 4716 Ita
514 4649 602 4735 quod
624 4669 685 4713 nec
706 4669 775 4734 ego,
798 4669 859 4712 nec
879 4647 1001 4731 aliquis
1033 4646 1190 4712 heredum
1221 4668 1280 4711 seu
1303 4649 1488 4735 assignato-

436 4775 512 4818 rum
545 4771 701 4826 meorum,
736 4749 790 4813 vel
827 4749 928 4813 etiam
965 4747 1136 4812 hominum
1174 4769 1330 4826 meorum,
1361 4750 1490 4836 aliquid

433 4856 520 4946 juris
541 4853 594 4918 vcl
617 4851 737 4932 clamii,
760 4851 830 4915 sive
856 4849 1003 4940 aliquam
1034 4871 1241 4916 communem
1272 4851 1308 4914 in
1331 4851 1491 4941 praedicta
