3566 5820
445 927 510 990 118
697 935 895 985 eremmon
920 929 1241 982 nannusaumnusa

445 1126 481 1190 in
513 1144 628 1211 campo
662 1123 702 1188 de
737 1121 929 1207 Boregtone,
960 1119 1017 1204 qui
1045 1121 1182 1182 vocatur
1213 1115 1242 1181 le
1272 1114 1377 1192 Ham,
1407 1113 1495 1178 inter

445 1235 568 1294 terram
606 1223 744 1291 Roberti
782 1222 966 1287 Woderove
1008 1225 1042 1284 et
1079 1225 1201 1284 terram
1235 1217 1351 1282 Aliciae
1389 1215 1429 1280 de
1463 1216 1495 1280 la

447 1330 562 1395 Grene.
624 1327 711 1392 Dedi
724 1325 835 1390 etiam
859 1330 894 1388 et
915 1321 1058 1388 comessi
1081 1321 1204 1386 eisdem
1226 1319 1340 1384 abbati
1364 1323 1398 1384 et
1420 1339 1495 1384 con-

447 1431 564 1496 ventui
582 1429 664 1494 duas
687 1447 778 1492 acras
797 1432 894 1490 terrae
917 1425 954 1488 in
969 1444 1087 1510 campo
1110 1423 1151 1487 de
1167 1421 1275 1486 Parva
1290 1419 1495 1496 Sherestone,

448 1555 522 1619 quae
540 1534 653 1617 jacent
683 1531 719 1594 in
750 1528 809 1593 illa
831 1527 969 1602 cultura,
993 1547 1068 1610 quae
1090 1530 1229 1589 vocatur
1258 1523 1496 1607 Bereforlonge

448 1638 536 1700 inter
558 1641 679 1699 terram
706 1630 875 1715 Radulphi
910 1629 950 1692 de
981 1626 1174 1711 Pinkeneye
1206 1632 1240 1691 et
1272 1645 1425 1711 campum
1457 1623 1498 1688 de

449 1737 594 1802 Batone:
616 1734 805 1800 habendum
821 1737 856 1797 et
871 1730 1052 1795 tenendum
1075 1729 1270 1814 praedictum
1293 1727 1497 1812 mesuagium

449 1859 526 1904 cum
556 1835 752 1922 curtillagio,
783 1841 818 1898 et
848 1832 1040 1918 praediotam
1078 1835 1200 1894 terram
1239 1850 1314 1894 cum
1345 1828 1498 1893 omnibus

449 1941 547 2005 rebus
571 1945 605 2004 et
625 1937 834 2002 libertatibus
849 1933 893 1998 ad
915 1932 1109 2020 praedictum
1132 1932 1336 2017 mesuagium
1360 1936 1395 1996 et
1416 1951 1499 2015 prae-

451 2043 574 2108 dictam
610 2045 732 2106 terram
767 2037 879 2122 aliquo
911 2034 1008 2099 modo
1046 2033 1297 2120 pertinentibus,
1332 2032 1500 2120 praedictis

451 2143 565 2208 abbati
589 2147 623 2207 et
648 2139 827 2206 conventui
860 2142 895 2202 et
917 2157 1030 2201 eorum
1062 2134 1310 2212 successoribus,
1333 2135 1434 2200 libere
1466 2138 1501 2198 et

452 2247 572 2332 quiete,
606 2246 690 2310 hene
728 2250 763 2309 et
800 2243 835 2306 in
873 2261 962 2328 pace,
999 2241 1250 2326 imperpetuum.
1320 2239 1500 2304 Reddendo

451 2348 625 2413 annuatim
656 2344 758 2432 prlori
788 2345 828 2410 de
861 2342 1098 2418 Bradencstok,
1129 2363 1188 2427 pro
1220 2341 1387 2427 mesuagio
1418 2362 1501 2425 pree·

453 2451 550 2524 dicto,
585 2448 697 2512 decem
728 2445 879 2510 denarios
917 2443 953 2506 in
986 2443 1073 2508 festo
1112 2441 1225 2508 Sancti
1256 2440 1436 2518 Michaelis,
1468 2447 1502 2505 et

453 2550 598 2614 Henrico
629 2548 852 2631 Midewynter
882 2550 916 2610 et
946 2545 1121 2610 heredibus
1153 2544 1221 2608 suis
1251 2565 1311 2629 pro
1343 2549 1431 2608 terra
1462 2542 1503 2606 de

454 2654 626 2738 pornhulle
658 2653 780 2737 viginti
808 2651 960 2716 denarios
990 2651 1032 2714 ad
1056 2656 1198 2734 quatuor
1220 2651 1300 2716 anni
1326 2649 1503 2715 terminos:

454 2757 610 2821 videlicet
632 2756 675 2818 ad
699 2755 823 2818 festum
855 2754 950 2817 Beati
975 2751 1144 2818 Michaelis
1168 2754 1314 2837 quinque
1345 2753 1504 2830 denarios,

455 2857 555 2924 etad
579 2858 701 2922 festum
725 2855 822 2921 Beati
846 2855 988 2919 Andreae
1013 2855 1153 2939 apostoli
1176 2854 1322 2940 quinque
1345 2855 1502 2932 denarios,

456 2966 491 3025 et
522 2959 566 3026 ad
599 2959 722 3022 festum
754 2957 1033 3021 Annunciationis
1066 2956 1179 3022 Beate
1211 2957 1326 3022 Mariae
1358 2957 1504 3042 quinque

456 3061 615 3137 denarios,
651 3066 685 3125 et
722 3059 766 3123 ad
803 3059 927 3123 festum
966 3057 1165 3124 Natiuitatis
1207 3058 1303 3123 Beati
1342 3057 1504 3125 Johannis

456 3162 617 3248 Baptistae
641 3160 787 3246 quinque
810 3161 960 3224 decanos
972 3183 980 3238 ;
1010 3164 1044 3224 et
1067 3159 1233 3225 Willelmo
1255 3161 1325 3226 filio
1348 3160 1506 3227 Willelmi

457 3261 684 3336 Pinchehaste,
708 3283 767 3347 pro
790 3267 878 3326 terra
901 3262 941 3326 de
965 3259 1170 3339 Sherestone‚
1194 3283 1295 3326 unam
1326 3283 1432 3328 rosam
1462 3264 1505 3329 ad

457 3362 581 3428 festum
605 3362 804 3426 Natiuitatis
827 3362 924 3426 Beati
944 3360 1108 3426 dohannis
1132 3361 1313 3448 Baptistae:
1336 3384 1396 3448 pro
1417 3363 1506 3429 omni

459 3466 596 3532 servicio
620 3463 768 3542 seculari,
791 3465 964 3530 exactione
988 3469 1022 3530 et
1045 3465 1215 3532 demanda.

505 3568 547 3632 Et
571 3588 632 3652 ego
654 3566 824 3632 Johannes
846 3571 881 3630 et
904 3566 1039 3632 heredes
1069 3568 1134 3631 mei
1157 3569 1350 3652 praedictum
1381 3591 1507 3636 mesua-

459 3671 641 3757 giuracum
658 3669 845 3756 curtillagio
861 3674 895 3734 et
911 3670 1103 3754 praedictam
1119 3675 1249 3748 terram,
1264 3693 1340 3738 cum
1355 3674 1509 3738 omnibus

346 3855 349 3862 ῃ
459 3772 670 3858 pertinentiis
693 3773 769 3849 suis,
791 3771 959 3856 praedictis
974 3771 1088 3837 abbati
1104 3777 1139 3836 et
1154 3774 1332 3838 conventui
1348 3780 1509 3841 eteorum

461 3874 700 3940 successoribus
739 3873 1029 3938 warantizabimus
1067 3875 1318 3960 imperpetuum.
1399 3877 1443 3943 Et
1480 3883 1509 3945 si

462 3977 588 4042 dictum
619 3973 823 4060 mesuagium
846 3995 920 4038 cum
944 3975 1139 4062 cartillagio,
1163 3982 1199 4041 ct
1220 3979 1412 4062 praedictam
1444 3988 1510 4047 ter·

461 4101 532 4144 ram
564 4099 638 4143 cum
669 4075 821 4141 omnibus
852 4077 1063 4161 pertinentiis
1094 4078 1170 4154 suis,
1203 4079 1300 4144 dictis
1332 4081 1446 4147 abbati
1476 4090 1512 4149 et

462 4179 640 4246 conventui
663 4178 878 4244 warantizare
908 4199 976 4243 non
1001 4180 1132 4265 possim,
1156 4187 1301 4248 extunc
1324 4188 1396 4250 tota
1418 4185 1511 4250 exhi-

462 4283 545 4347 bitio
568 4301 668 4365 quam
690 4280 733 4343 ab
756 4279 877 4344 eisdem
909 4278 1029 4345 abbate
1052 4286 1087 4346 et
1109 4290 1282 4360 conventu,
1306 4305 1364 4370 per
1385 4291 1510 4352 cartam

462 4403 574 4447 eorum
597 4381 763 4466 percipere
786 4381 950 4456 consuevi,
974 4387 1078 4448 cesset
1100 4383 1350 4469 imperpetuum.
1406 4387 1450 4452 Et
1473 4394 1513 4453 ut

463 4483 535 4549 haec
556 4503 630 4547 mea
657 4480 799 4558 donatio,
822 4481 985 4546 concessio
1017 4488 1052 4547 et
1081 4482 1181 4569 hujus
1204 4491 1303 4550 cartae
1333 4507 1415 4553 meae
1438 4511 1513 4554 con-

463 4583 615 4660 firmatio,
648 4587 721 4646 rata
750 4581 879 4646 stabilis
910 4587 944 4647 et
973 4583 1165 4650 inconcussa
1197 4593 1396 4670 permaneat,
1427 4587 1513 4656 hanc

464 4695 590 4751 cartam
613 4682 735 4748 eisdem
766 4682 880 4747 abbati
911 4694 946 4748 et
969 4686 1147 4751 conventui
1177 4686 1249 4764 feci,
1272 4693 1307 4752 et
1329 4688 1430 4776 sigilli
1452 4691 1514 4758 im·

465 4785 631 4871 pressione
654 4784 719 4848 mei
742 4783 900 4852 roboravi.
