3566 5820
465 898 529 968 '214
718 917 916 969 arorsrauu
941 916 1264 968 uarunsnumnrsa.

298 1110 434 1172 theabbey
466 1109 557 1168 carta
583 1125 657 1168 mea
671 1103 873 1180 confirmavi,
890 1103 961 1168 Deo
984 1110 1018 1167 et
1041 1102 1183 1167 ecclcsiae
1198 1101 1288 1166 beati
1305 1099 1450 1166 Aldelmi
1472 1098 1513 1162 dc

298 1175 454 1305 ἒῗξὲξξζῖῒ
467 1206 710 1284 Malmesburia,
733 1211 767 1270 et
789 1205 956 1270 Willelmo
987 1205 1100 1270 abbati
1133 1211 1167 1268 et
1200 1203 1368 1269 monachis
1391 1200 1513 1266 ibidem

262 1306 263 1314 ’
299 1309 360 1359 lain.

467 1308 538 1373 Deo
561 1309 790 1384 servientibus
814 1309 850 1372 in
873 1308 1018 1384 liberam,
1041 1329 1157 1393 puram
1181 1312 1216 1372 et
1238 1311 1430 1392 perpetuam
1453 1303 1515 1368 ele·

467 1413 636 1488 mosinam,
663 1433 721 1497 pro
745 1410 849 1476 salute
872 1411 992 1476 animae
1015 1431 1096 1474 meae
1119 1414 1153 1474 et
1176 1410 1295 1474 animae
1318 1407 1455 1472 Roberti
1476 1406 1517 1470 de

468 1513 631 1579 Evesham
654 1520 689 1577 et
710 1513 883 1578 animabus
898 1515 1001 1599 patris
1025 1516 1058 1577 et
1080 1512 1196 1577 matris
1211 1532 1291 1576 meae
1314 1516 1348 1575 et
1371 1510 1516 1574 omnium

454 1605 613 1681 ¹fidelium
651 1616 887 1693 defunctorum,
911 1621 1016 1680 totam
1047 1621 1168 1680 terram
1192 1637 1297 1679 meam
1321 1614 1360 1678 de
1384 1612 1515 1678 Foules·

467 1720 575 1804 wyke,
599 1741 673 1784 oum
696 1719 856 1796 domibus,
873 1718 1076 1805 curtillagiis‚
1092 1717 1248 1804 gardinis‚
1267 1717 1389 1795 croftis,
1404 1717 1516 1802 pratis,

467 1823 595 1908 pascuis
633 1829 668 1886 et
711 1822 862 1907 pasturis,
895 1821 1086 1897 redditibus,
1125 1819 1262 1897 releviis,
1302 1820 1430 1896 wardia,
1468 1841 1517 1882 es-

467 1923 600 1998 chaetis,
635 1931 670 1989 et
701 1945 774 1989 cum
808 1923 960 1990 omnibus
991 1923 1066 1987 aliis
1103 1923 1209 1999 rebus,
1233 1921 1449 1996 libertatibus
1484 1919 1517 1985 et

467 2025 577 2090 liberis
612 2026 906 2090 consuetudinibus
944 2026 987 2090 ad
1024 2025 1216 2111 praedictam
1234 2103 1237 2123 Ι
1254 2029 1374 2089 terram
1408 2023 1518 2108 aliquo

468 2127 564 2190 modo
587 2127 841 2212 pertinentibus,
865 2129 907 2193 ad
933 2129 1206 2192 sustentationem
1229 2128 1328 2191 unius
1351 2124 1518 2211 capellani,

468 2232 525 2318 qui
549 2230 727 2295 celebrabit
749 2230 864 2296 divina
886 2232 922 2294 in
945 2231 1115 2296 charnario
1149 2235 1335 2296 constructo
1357 2229 1394 2292 in
1416 2227 1517 2312 cymi·

468 2336 550 2400 terio
584 2336 826 2400 Malmesburiae
849 2337 1103 2421 imperpetuum,
1134 2333 1290 2400 videlicet
1321 2334 1374 2398 die
1406 2333 1518 2398 Domi-

467 2440 549 2514 nica,
573 2439 655 2503 feria
677 2439 784 2515 tertia,
805 2444 839 2502 ct
861 2437 1007 2515 sabbato,
1030 2439 1070 2504 de
1095 2438 1198 2502 Beata
1220 2437 1365 2524 Virgine,
1388 2441 1422 2500 et
1444 2458 1518 2501 curn

468 2544 614 2606 oratione
638 2562 696 2626 pro
720 2541 905 2619 defunctis;
928 2541 1054 2606 caeteris
1070 2562 1148 2606 vero
1175 2540 1290 2604 dicbus
1313 2561 1372 2625 pro
1395 2539 1518 2604 anima

468 2644 529 2708 bus
567 2644 714 2708 omnium
756 2642 903 2707 fidelium
943 2642 1180 2709 defunctorum.
1250 2641 1447 2708 Habendam
1484 2646 1518 2706 et

466 2745 643 2810 tenendam
680 2751 785 2810 totam
824 2743 1014 2829 praedictam
1060 2751 1181 2810 terram
1220 2745 1261 2810 de
1300 2743 1517 2829 Fouleswyke

468 2847 633 2932 praedictis
665 2845 778 2910 abbati
811 2853 845 2910 et
879 2849 1054 2912 conventui
1082 2852 1117 2912 et
1139 2869 1252 2922 eorum
1274 2846 1517 2912 successoribus,

469 2951 503 3014 in
526 2950 599 3026 viis,
623 2949 659 3012 in
681 2950 784 3034 aquia,
808 2949 844 3012 in
866 2949 1000 3026 semitis,
1019 2949 1164 3027 vivariis,
1189 2949 1314 3035 stagnis
1336 2971 1375 3014 ao
1397 2949 1517 3014 molen·-

468 3052 562 3128 dinis‚
586 3074 660 3117 cum
684 3051 844 3127 domibus,
859 3051 1062 3136 curtillagiis,
1086 3052 1240 3138 gordinis
1264 3053 1384 3130 amitis,
1408 3054 1518 3138 pratis,

469 3156 597 3241 pascuis
631 3161 664 3219 et
696 3155 847 3240 pasturis,
874 3155 986 3230 boscis,
1011 3154 1204 3231 redditibus,
1227 3155 1366 3230 releviis,
1390 3155 1518 3232 wardia,

470 3259 612 3335 assuetis,
646 3263 680 3321 ct
711 3279 785 3321 cum
820 3258 972 3322 omnibus
1006 3257 1079 3322 aliis
1114 3258 1219 3336 rebus,
1244 3255 1453 3322 libertatibus
1484 3265 1518 3323 et

470 3361 582 3426 liberis
604 3359 896 3424 consuetudinibus
930 3360 971 3424 ad
1003 3360 1193 3444 praedictam
1217 3366 1339 3426 terram
1362 3362 1402 3426 de
1426 3362 1519 3425 Fow-

471 3463 618 3549 leswyke
650 3462 761 3548 aliquo
794 3463 889 3528 modo
922 3463 1172 3549 pertinentibus,
1205 3464 1306 3529 libere
1340 3469 1373 3528 et
1401 3465 1518 3550 quiete,

470 3567 598 3650 integre
633 3571 667 3629 et
704 3565 835 3650 pacifice
875 3567 1124 3651 imperpetuum.
1187 3565 1231 3630 Et
1268 3588 1327 3653 ego
1365 3569 1520 3653 magister

470 3667 651 3732 Nicholaus
675 3675 709 3732 et
741 3666 875 3732 heredes
898 3669 971 3746 mei,
994 3673 1099 3732 totam
1122 3667 1313 3753 praedictam
1336 3673 1456 3734 terram
1479 3669 1519 3734 de

471 3769 725 3855 Foweleswyke,
749 3791 823 3834 oum
858 3769 1010 3834 omnibus
1041 3772 1288 3856 praenominatis
1311 3770 1355 3836 etx
1369 3773 1519 3837 omnibus

470 3873 544 3937 aliis
566 3873 775 3957 pertinentiis
806 3872 881 3948 sule,
905 3872 1070 3958 praedictis
1093 3873 1205 3938 abbati
1229 3878 1263 3938 ct
1286 3875 1463 3939 conventui
1486 3881 1520 3939 et

471 3997 582 4040 eorum
617 3975 853 4040 successoribus
885 3980 999 4040 contra
1029 3997 1141 4040 omnes
1175 3976 1328 4040 mortales
1359 3977 1519 4064 imperpe-

470 4083 566 4142 tuum
605 4077 901 4153 warantizabimus,
939 4078 1199 4163 acquietabimus
1233 4085 1267 4144 et
1300 4079 1518 4146 defendemus.

472 4179 516 4243 Et
537 4185 577 4243 ut
599 4179 670 4245 haec
692 4201 766 4244 mea
787 4179 921 4246 donatio
944 4187 979 4245 et
1001 4182 1161 4246 concessio
1196 4181 1290 4246 firma
1326 4184 1370 4247 sit
1401 4184 1520 4270 imper-

471 4287 617 4368 petuum,
640 4282 725 4347 hano
756 4287 879 4348 cartam
911 4283 1031 4348 eisdem
1055 4283 1170 4350 abbati
1192 4289 1227 4349 et
1248 4287 1425 4352 conventui
1448 4285 1520 4363 feci,

471 4391 506 4450 et
527 4385 664 4470 signavi.
711 4385 787 4450 Hiis
810 4386 958 4464 testibus,
982 4392 1039 4453 etc.
