3526 5810
564 911 761 960 asorsrauu
784 885 1104 960 ursuunsnurususu.
1294 893 1359 961 217

311 1097 399 1162 idem
421 1095 523 1164 abbas
546 1099 670 1184 recepit
700 1091 897 1185 pradictum
929 1096 1128 1164 Nicholaum
1162 1097 1200 1161 in
1221 1094 1360 1182 singulis

311 1200 477 1268 beneficiis
500 1205 535 1267 εὴ
557 1201 762 1268 orationibus
785 1202 923 1288 quaeda
946 1205 1054 1266 cetero
1076 1199 1159 1266 fient
1190 1200 1227 1264 in
1263 1199 1360 1264 domo

311 1308 346 1369 εὴ
368 1303 503 1372 ecclesia
524 1325 585 1370 sua
606 1305 764 1391 praedicta
786 1305 1036 1390 imperpetuum.

669 1559 749 1626 Otr.
774 1557 1006 1626 OOCXLIIII.

321 1709 369 1777 De
391 1718 482 1778 tetro
505 1711 546 1779 dc
567 1711 772 1780 Fouleswilce
794 1711 878 1780 dota
914 1711 1096 1779 conmutat
1110 1711 1363 1782 Malmesbuoa'oe

387 1815 436 1882 cd
457 1835 575 1882 eoram
593 1815 791 1904 pitbsuoiom
809 1837 872 1902 per
895 1815 1045 1882 abbatem
1072 1815 1287 1886 Willcbacwa.

358 1967 544 2034 Omnibus¹
574 1975 696 2036 sanctae
719 1969 836 2034 matris
859 1968 1002 2036 ecclesiae
1035 1969 1122 2048 filiis,
1145 1978 1180 2036 et
1201 1971 1365 2058 praecipue
1377 1978 1434 2030 The
1445 1993 1514 2056 sume

313 2070 491 2137 abbatibus
514 2077 548 2137 et
570 2071 729 2138 fratribus
752 2073 788 2136 in
805 2071 1090 2138 blalmesburiensi
1113 2075 1248 2140 cenobio
1270 2047 1532 2176 nobisbssssffffi

320 2177 526 2253 successuris,
557 2175 659 2241 frater
689 2173 884 2252 Willelmus,
915 2173 993 2240 licet
1024 2175 1180 2262 indignus
1209 2176 1365 2242 Malmes-
1378 2188 1450 2230 2²11oe
1462 2179 1493 2230 of

315 2277 478 2342 buriensis
494 2277 636 2343 ecclesiae
659 2277 811 2342 minister
833 2277 978 2354 humilis,
1001 2278 1141 2343 salutem
1161 2280 1200 2343 in
1222 2279 1365 2346 Domino
1377 2247 1421 2297 ²¹¹⁰
1433 2248 1532 2298 mm

313 2381 554 2466 sempiternam.
601 2381 764 2461 Quoniam
792 2381 880 2445 facta
904 2381 1092 2445 mortalium
1108 2404 1166 2468 per
1180 2389 1365 2470 temporum

313 2483 531 2549 variationem
568 2489 602 2547 et
635 2481 846 2568 prelatorum
881 2483 1098 2549 mutationem
1133 2485 1292 2552 oblivioni
1325 2488 1365 2553 de

311 2586 403 2652 facili
425 2587 613 2662 traduntur,
634 2585 700 2650 nisi
722 2586 893 2670 scripturae
917 2585 1074 2652 beneficio
1096 2588 1299 2666 muniantur,
1322 2590 1365 2654 ad

312 2689 543 2755 universitatis
566 2693 686 2754 vestrae
709 2688 865 2754 notitiam
888 2687 1042 2753 volumus
1073 2692 1254 2775 pervenire,
1277 2693 1365 2776 quod

312 2813 386 2858 cum
409 2792 557 2877 pitancia
578 2790 685 2856 nostri
708 2796 892 2856 conventus
924 2791 967 2856 ad
988 2793 1225 2858 recreationem
1260 2792 1365 2880 ipsius

312 2899 495 2959 conventus
517 2893 614 2958 modo
638 2913 703 2979 quo
726 2891 856 2960 deceret
886 2915 920 2958 se
955 2914 1022 2958 non
1044 2901 1155 2980 posset
1177 2895 1365 2972 extendere,

312 3017 372 3062 nos
393 2997 437 3062 ad
458 2996 762 3084 augmentationem
779 2997 882 3083 ipsius
898 2997 1061 3082 pitanciae,
1078 3003 1199 3064 terram
1222 2999 1262 3063 de
1278 2998 1364 3063 Fou-

311 3097 469 3186 leswyke,
485 3121 560 3167 cum
576 3099 728 3166 omnibus
751 3099 962 3186 pertinentiis
977 3101 1054 3178 suis,
1071 3123 1170 3186 quam
1186 3101 1364 3167 habuimus

313 3225 354 3267 ex
386 3203 472 3268 dono
504 3203 654 3290 magistri
689 3201 844 3268 Nicholai
876 3204 916 3268 de
939 3201 1182 3284 Malmesburia,
1206 3203 1361 3290 pitanciae

312 3307 463 3394 predicti
486 3314 669 3375 conventus
692 3307 935 3394 imperpetuum
957 3307 1174 3374 concessimus
1196 3309 1364 3396 assignan-

315 3411 401 3477 dam.
463 3409 519 3476 Ita
541 3409 629 3496 quod
651 3411 875 3498 pitanciarius,
901 3411 1088 3497 quicunque
1110 3410 1219 3491 fuerit,
1246 3411 1364 3478 reddat

312 3515 487 3581 annuatim
513 3513 684 3600 capellano
707 3513 886 3580 celebranti
919 3515 955 3578 in
988 3513 1147 3580 Carnario
1169 3537 1229 3600 pro
1252 3517 1364 3581 anima

311 3615 461 3704 praedioti
483 3617 634 3704 magistri
658 3615 820 3694 Nicholai,
844 3621 986 3702 quatuor
1009 3639 1134 3684 marcas
1156 3619 1199 3683 ad
1222 3623 1365 3703 quatuor

315 3719 394 3786 anni
418 3720 598 3800 terminos;
620 3725 654 3785 et
676 3718 719 3786 ad
741 3721 1004 3786 anniversarium
1035 3721 1187 3806 praedicti
1214 3721 1365 3808 magistri

313 3820 466 3890 Nicholai
477 3821 664 3889 faciendum
678 3839 780 3888 unam
795 3843 953 3904 marcam3
969 3828 1003 3888 et
1012 3823 1203 3910 coquinario
1219 3825 1365 3912 quinque

312 3947 437 3993 marcas
460 3925 503 3992 ad
519 3931 662 4012 quatuor
682 3925 842 3992 terminos
857 3931 1030 3992 consuetos
1053 3933 1087 3992 et
1109 3929 1258 4007 usitatos
1275 3927 1366 3994 vide·

312 4029 397 4108 licet,
419 4029 463 4094 ad
485 4027 667 4116 quemlibet
690 4029 870 4094 terminum
892 4029 1058 4096 sexdecim
1090 4030 1212 4096 solidos
1234 4035 1365 4098 abacto

312 4131 470 4210 denarios
492 4133 536 4198 ad
565 4132 802 4198 inveniendum
837 4127 1005 4218 capellano
1036 4131 1210 4221 hospitalis
1233 4133 1365 4202 Sanctae

312 4231 427 4301 Mariae
459 4235 664 4322 Magdalenae
697 4235 877 4322 potegium,
910 4242 945 4302 et
981 4256 1086 4301 unum
1118 4235 1293 4323 generale;
1331 4242 1365 4302 et

311 4337 407 4402 fratri
429 4329 598 4403 Willelmo
620 4339 661 4403 de
684 4337 881 4403 Buruthone
904 4343 938 4404 et
960 4336 1136 4404 heredibus
1169 4341 1238 4405 suis
1270 4345 1364 4427 pota-

310 4439 413 4526 gium,
436 4443 471 4506 et
493 4439 559 4505 duo
583 4437 707 4506 fercula
739 4439 779 4506 do
803 4441 944 4527 coquina
975 4442 1057 4508 dicti
1090 4448 1274 4508 conventus
1297 4443 1364 4508 sin-

311 4543 399 4630 gulis
431 4541 549 4608 diebus
580 4541 798 4630 percipienda
856 4543 901 4608 Et
933 4565 1008 4609 cum
1040 4545 1215 4611 celerarius
1249 4551 1284 4611 et
1306 4545 1364 4610 alii

309 4647 427 4712 fratres
458 4648 563 4711 nostri
600 4647 636 4710 in
670 4645 821 4711 absentia
853 4651 966 4711 nostra
1004 4647 1101 4726 domi,
1139 4649 1182 4713 ad
1216 4669 1363 4714 mensam

426 4847 432 4878 ¹
452 4847 477 4898 ri
489 4861 539 4912 pon
550 4845 595 4898 har
606 4847 668 4898 been
681 4847 768 4896 struck
779 4846 891 4910 through
901 4843 951 4896 this
963 4847 1066 4912 chapter
1077 4847 1103 4898 in
1121 4849 1163 4900 the
1175 4849 1231 4902 MS.
