3578 5808
431 873 475 939 48
684 885 882 938 semsmuu
905 878 1228 936 usuumsusmssu.

834 1116 914 1184 on.
939 1115 1076 1218 oxon.

486 1281 592 1348 Gustu
615 1281 764 1367 ejusdcm
787 1279 964 1347 Jobosouis
986 1279 1027 1346 de
1050 1287 1142 1346 terro
1165 1280 1249 1346 doto
1273 1281 1428 1370 Rodulso
1458 1298 1466 1314 ’“

745 1383 878 1450 vicario
901 1383 942 1450 dc
965 1383 1222 1470 Houckyutoue.

476 1539 591 1605 Sciunt
605 1541 782 1624 praesenies
798 1541 832 1602 et
854 1535 958 1601 futuri
982 1537 1070 1622 quod
1085 1515 1148 1622 ego
1159 1536 1329 1602 Johennos
1352 1535 1487 1602 Scottus

262 1705 274 1737 a
332 1725 338 1736 Ι
431 1642 472 1706 de
496 1638 736 1724 Ored[ewelle],
760 1637 801 1703 de
823 1637 996 1703 voluntate
1019 1643 1054 1702 et
1084 1659 1229 1715 assensu,
1252 1643 1286 1704 ei
1312 1637 1485 1704 voluntate

433 1742 547 1807 Murice
569 1741 683 1807 uxoris
706 1762 797 1817 mese,
821 1745 856 1805 ei
871 1738 1010 1805 Wslberi
1034 1739 1094 1804 filii
1119 1741 1185 1805 mei
1210 1745 1244 1806 et
1257 1740 1387 1805 heredis
1411 1729 1485 1818 mei,

432 1844 508 1909 dedi
524 1848 559 1910 ei
574 1843 717 1908 concessi
733 1841 885 1918 dedfo,
901 1841 1024 1907 vicario
1039 1843 1173 1927 ospellae
1188 1843 1229 1906 de
1239 1843 1486 1920 Hsnekinbone,

432 1969 491 2032 pro
522 1945 661 2011 servicio
684 1949 718 2010 et
740 1942 893 2029 homagio
925 1965 994 2021 su0,
1027 1949 1133 2010 iotam
1166 1949 1294 2030 parbem
1317 1950 1414 2011 terres
1444 1946 1485 2010 de

432 2046 715 2132 Thederingdune,
738 2067 813 2130 quae
835 2066 888 2109 me
903 2044 1067 2130 contingit
1083 2045 1123 2109 de
1139 2045 1321 2111 hereditate
1343 2047 1485 2110 Andreae

433 2150 473 2214 de
489 2150 661 2226 Sbantone,
677 2169 752 2213 cum
775 2146 930 2212 omnibus
946 2145 1165 2232 pertinentiis,
1182 2152 1216 2212 ei
1230 2153 1337 2213 boiam
1359 2153 1484 2234 partem

432 2254 579 2338 ejusdem
595 2259 691 2318 terrae
706 2271 781 2336 quse
796 2248 917 2315 assius
931 2248 1029 2314 Petro
1044 2248 1085 2314 de
1101 2249 1284 2335 Hopeione‚
1300 2251 1337 2314 in
1358 2256 1486 2335 pectem

432 2355 665 2421 hereditarium
688 2350 884 2416 hereditatis
907 2350 1054 2436 ejusdem
1076 2350 1219 2415 Andreas
1250 2352 1291 2417 de
1315 2351 1486 2428 Stunbone,

433 2457 590 2523 avunculi
621 2454 736 2532 nostri,
760 2475 835 2520 cum
866 2453 1021 2518 omnibus
1043 2453 1255 2539 pertinentiis
1287 2455 1364 2533 suis,
1387 2477 1486 2540 quem

433 2559 537 2625 habeo
560 2559 813 2644 inperpetuum
836 2556 1044 2623 excambium
1067 2557 1108 2622 de
1135 2557 1249 2622 eodem
1273 2556 1379 2635 Petro,
1402 2559 1488 2623 sicui

433 2667 524 2730 curio
547 2661 659 2748 ipsius,
683 2681 781 2746 quam
797 2681 897 2746 penes
921 2681 973 2724 me
999 2658 1113 2737 heheu,
1137 2661 1345 2741 continebur3
1367 2659 1493 2727 sciliceb

432 2771 560 2852 parbem
575 2783 682 2828 mesm
698 2767 732 2827 ei
747 2767 874 2847 parbem
891 2783 965 2847 quae
981 2760 1049 2825 fuit
1063 2761 1214 2846 praedicbi
1230 2761 1330 2840 Petri,
1344 2762 1490 2828 dimidiae

432 2869 531 2955 hydae
546 2869 583 2932 in
598 2865 817 2954 Thepindone,
833 2870 867 2929 eb
883 2885 982 2929 unum
998 2885 1107 2930 acrem
1123 2865 1210 2949 prati
1233 2865 1269 2928 in
1286 2863 1490 2944 Credemore,

433 2993 507 3058 quae
523 2969 669 3057 pertinet
689 2967 732 3033 sd
749 2965 922 3032 dimidiam
943 2965 1070 3051 hydsm
1085 2967 1287 3052 praedictsm‚
1303 2973 1338 3033 et
1360 2974 1488 3054 pestem

433 3077 599 3152 meamet
619 3075 748 3158 purtem
764 3091 837 3155 quse
860 3069 928 3135 fuit
949 3069 1101 3154 praedicti
1116 3069 1216 3148 Petri,
1232 3071 1332 3136 unius
1347 3073 1487 3159 virguiae

432 3183 530 3242 terres
554 3195 654 3261 quam
681 3171 781 3258 Sewy
803 3171 982 3237 Tswedust
1007 3171 1126 3250 tenuit,
1152 3177 1187 3237 et
1210 3172 1323 3240 dimid
1348 3175 1487 3261 virgstae

434 3285 530 3345 berne
545 3275 688 3364 jacensis
710 3279 789 3340 snbe
811 3274 945 3340 domum
969 3296 1044 3361 quse
1066 3273 1132 3340 fuit
1156 3273 1271 3362 Sericy
1286 3275 1467 3342 Aidermsn
1479 3301 1488 3356 ;

434 3381 592 3448 tenendas
609 3384 643 3444 ei
664 3377 832 3444 habendus
855 3377 919 3442 sibi
951 3382 986 3442 et
1008 3376 1185 3443 heredibus
1208 3378 1277 3442 suis
1307 3379 1348 3443 de
1378 3401 1430 3444 me
1453 3385 1487 3444 et

434 3481 610 3548 heredibus
632 3480 714 3546 meis
745 3479 846 3544 libere
873 3485 907 3544 ei
941 3478 1051 3564 quiebe
1086 3479 1129 3545 sb
1162 3481 1252 3545 omni
1284 3481 1429 3559 servicio,
1455 3485 1489 3546 ei

435 3586 576 3674 querela,
619 3589 654 3650 ob
683 3583 821 3650 seculari
854 3583 1035 3660 exustione,
1069 3583 1163 3648 selvo
1201 3583 1304 3670 regali
1342 3584 1488 3662 servicio,

435 3688 600 3756 reddendo
627 3686 704 3752 inde
726 3685 900 3751 annuatim
924 3685 1006 3748 mihi
1034 3684 1265 3751 coheredibus
1290 3687 1372 3752 meis
1388 3708 1488 3751 unsm

435 3792 554 3858 librom
584 3789 706 3877 piperis
729 3788 772 3854 sd
805 3786 927 3853 festum
953 3787 1068 3853 Sancti
1092 3785 1273 3854 Michaelis.
1356 3788 1400 3852 Ee
1428 3810 1488 3875 pro

434 3895 497 3961 huc
538 3893 743 3960 concessione
781 3895 815 3956 ei
853 3889 1030 3955 donatione
1067 3889 1161 3955 dedit
1198 3889 1282 3954 mihi
1312 3891 1488 3976 praedictus

435 3995 601 4064 deulius
629 4016 729 4060 unam
751 4013 895 4058 marcum
917 3991 1046 4078 argenti
1078 3993 1114 4056 in
1136 4014 1295 4079 gersums,
1317 3998 1352 4058 et
1375 3993 1489 4059 Meriae

436 4100 532 4166 uxori
555 4121 635 4164 meae
659 4119 763 4162 unum
787 4095 992 4160 firmaculum
1017 4094 1153 4181 argenti,
1186 4099 1221 4159 et
1244 4093 1390 4160 Wsldero
1421 4095 1489 4161 filio

436 4209 470 4268 et
492 4201 606 4268 heredi
628 4222 701 4266 meo
724 4202 867 4285 quatuor
889 4197 1048 4274 denarios,
1087 4196 1159 4283 Ego
1175 4218 1254 4262 vero
1270 4196 1440 4262 Johunnes
1455 4203 1490 4262 et

436 4306 570 4372 heredes
592 4303 657 4368 mei
680 4301 836 4368 debemus
858 4299 1073 4366 wersnbizsre
1096 4299 1253 4385 predicto
1280 4299 1422 4366 deulfo
1456 4305 1490 4364 et

436 4404 612 4473 heredibus
644 4403 712 4470 suis
735 4408 841 4468 butem
875 4401 1067 4488 praedictem
1090 4405 1212 4466 terrem
1240 4405 1355 4467 conus
1377 4423 1489 4466 omnes

436 4509 586 4576 homines
609 4513 643 4573 et
668 4505 815 4572 feminas.
865 4504 910 4569 Ei
932 4511 971 4568 ut
993 4502 1064 4570 haec
1097 4503 1261 4570 concessio
1294 4509 1330 4568 ei
1356 4503 1490 4569 dunubio

439 4635 512 4680 mes
534 4617 608 4679 rete
629 4613 664 4676 ei
686 4609 878 4674 inconcusse
904 4610 1103 4692 permaneat,
1126 4605 1211 4672 hunc
1243 4611 1367 4672 cariem
1392 4605 1490 4670 inde1

924 4801 933 4835 ¹
950 4801 1002 4856 Sic
