3578 5808
541 901 740 952 aaarsrnuu
763 900 1085 951 narnasannrausn.
1276 884 1339 948 111

285 1089 528 1168 suetudinibus,
545 1089 747 1156 secularibus
762 1089 992 1156 emtionibus
1015 1091 1050 1153 et
1072 1086 1250 1152 domandis.
1298 1086 1342 1151 Et

284 1199 323 1257 ut
353 1193 425 1258 hac
456 1213 530 1258 mea
561 1192 697 1258 donatio
731 1198 766 1258 et
792 1191 962 1258 .concessio
985 1188 1085 1255 robur
1107 1189 1340 1278 perpetuitatis

282 1297 463 1382 optineant,
494 1293 580 1360 hane
610 1300 735 1361 cartam
769 1295 891 1360 eisdem
928 1293 1042 1358 abbati
1088 1296 1123 1356 et
1161 1291 1340 1356 conventui

282 1399 352 1474 feci,
379 1403 413 1464 et
436 1396 544 1484 sigillo
567 1420 640 1463 meo
663 1398 803 1484 signavi.

667 1641 745 1707 Car.
774 1640 933 1707 COXLV.

285 1783 389 1848 Corio
417 1780 577 1850 Willclma'
601 1781 629 1847 le
657 1781 743 1866 Vrpe
766 1781 807 1846 dc
829 1780 972 1868 protollo
995 1779 1093 1867 apud
1126 1780 1338 1867 Reodbripye.

330 1922 445 1987 Sciant
467 1927 646 2008 praesentes
668 1927 703 1986 et
725 1921 833 1986 futuri
857 1922 945 2007 quod
966 1943 1026 2007 ego
1042 1920 1228 1986 Willelmus
1252 1921 1340 2000 Vrie,
1356 1929 1500 1982 Gnntora

285 2025 372 2090 filius
396 2023 553 2091 Willelmi
577 2024 608 2089 le
632 2023 710 2089 Vrie
735 2023 775 2089 de
801 2023 969 2100 Corstone,
997 2023 1136 2102 reddidi,
1163 2025 1276 2088 remisi
1306 1997 1499 2130 etfflffig,

286 2128 434 2214 quietum
465 2126 615 2204 clamavi,
649 2147 709 2212 pro
740 2148 792 2191 me
830 2133 864 2191 et
887 2124 1062 2191 heredibus
1099 2128 1189 2203 meis,
1220 2129 1341 2215 imper-

287 2237 423 2316 petuum
446 2229 560 2294 abbati
584 2234 618 2295 et
644 2230 823 2295 conventui
862 2227 1110 2306 Malmesburiae,
1147 2235 1255 2294 totum
1283 2231 1341 2316 jus

287 2339 322 2398 et
343 2332 498 2398 clamium
521 2332 610 2418 quod
632 2332 742 2408 habui,
771 2331 824 2396 vel
855 2330 977 2396 habere
1013 2332 1116 2417 potui,
1141 2333 1176 2396 in
1200 2333 1343 2418 quodam

289 2434 435 2522 pratello,
451 2435 540 2521 quod
562 2435 656 2500 tenui
679 2435 720 2500 de
744 2434 866 2500 eisdem
894 2435 1036 2500 dominis
1061 2435 1141 2500 meis
1164 2435 1285 2501 abbate
1308 2441 1343 2501 et

287 2545 453 2605 conventu
490 2537 743 2614 Malmesburiae,
768 2537 856 2622 quod
881 2537 1014 2623 quidem
1050 2537 1228 2623 pratellum
1251 2539 1342 2623 jacet

287 2643 376 2706 inter·
397 2646 532 2727 pontem
556 2640 614 2726 qui
636 2645 775 2708 vocatur
806 2639 1033 2727 Reodbrugge‚
1057 2645 1091 2704 ct
1114 2639 1252 2705 crustam
1284 2639 1342 2705 Ri-

290 2743 378 2809 cardi
411 2741 520 2808 North
552 2743 593 2808 de
626 2741 829 2806 Rodburne:
861 2740 1063 2807 Habendum
1094 2748 1128 2806 et
1161 2742 1343 2808 tenendum

290 2845 484 2933 praedictum
500 2845 687 2931 pratellum,
703 2866 777 2911 cum
801 2844 955 2910 salicibus
979 2845 1014 2909 in
1038 2845 1177 2910 circuitu
1201 2845 1344 2911 existen-

292 2948 389 3024 tibus,
412 2948 579 3036 praedictis
603 2946 717 3012 abbati
750 2954 784 3012 et
808 2947 987 3012 conventui
1024 2954 1193 3012 eteorum
1221 2968 1345 3013 succes·

290 3051 425 3128 soribus,
461 3052 531 3116 sine
564 3049 676 3136 aliqua
713 3049 946 3116 reclamatione
993 3056 1053 3116 aut
1086 3051 1345 3117 contradictione

292 3157 363 3232 mei,
383 3153 436 3218 vel
452 3153 611 3219 heredum
635 3173 779 3218 meorum
805 3153 1057 3238 imperpetuum.
1105 3151 1160 3218 Ita
1181 3153 1269 3238 quod
1285 3175 1346 3219 nec

292 3279 351 3343 ego
373 3278 434 3323 nec
466 3255 589 3342 aliquis
621 3254 779 3321 heredum
818 3277 975 3336 meorum,
1010 3254 1137 3340 aliquid
1168 3257 1255 3342 juris
1293 3256 1346 3322 vel

293 3360 400 3425 clemii
438 3361 475 3422 in
497 3357 656 3444 praedicto
679 3356 830 3443 pratello,
860 3362 922 3422 aut
952 3356 1107 3423 salicibus
1139 3357 1174 3422 in
1207 3359 1346 3424 circuitu

293 3461 520 3539 existentibus,
553 3461 797 3547 imperpetuum
834 3459 930 3525 nobis
969 3460 1144 3526 vendicare
1176 3461 1346 3546 possimus.

294 3564 356 3629 Pro
378 3563 440 3629 hee
462 3567 575 3628 autem
606 3561 796 3628 remissione
829 3567 864 3626 et
898 3563 1010 3647 quieta
1042 3561 1226 3640 clamantia,
1251 3561 1348 3628 dede·

293 3671 372 3732 runt
402 3665 485 3730 mihi
509 3663 659 3751 praedicti
682 3663 784 3730 abbas
808 3669 842 3729 et
865 3669 1048 3730 conventus
1074 3670 1207 3731 eentum
1228 3665 1348 3731 solidos

292 3767 545 3854 sterlingorum,
580 3771 615 3831 et
649 3771 688 3830 ut
710 3765 784 3831 haec
808 3786 881 3830 mea
905 3765 1054 3831 remissio
1079 3771 1114 3832 et
1146 3767 1260 3852 quiete
1282 3768 1346 3833 ola-

291 3869 419 3936 mantia
442 3869 542 3933 robur
557 3867 790 3954 perpetuitatis
814 3867 998 3954 optineant,
1021 3868 1083 3934 hoe
1105 3869 1264 3955 scriptum
1286 3870 1346 3935 ois-

290 3972 367 4040 dem
390 3969 506 4036 abbati
530 3975 564 4036 et
586 3970 768 4037 conventui
793 3969 863 4048 feci,
893 3974 929 4036 et
955 3969 1063 4057 sigillo
1090 3991 1162 4037 meo
1186 3971 1325 4057 signavi.
1359 3981 1473 4034 trost.

671 4207 751 4275 Ore.
777 4207 952 4274 CCXLVI.

322 4351 444 4434 Quieta
466 4347 657 4415 clarmontis
685 4348 728 4416 W.
753 4347 929 4415 ιῙαηὲἰοφνὶε
952 4345 991 4412 de
1017 4347 1215 4450 liberatione
1238 4369 1312 4416 suo.

341 4491 458 4558 Sciant
489 4495 668 4576 praesentes
709 4494 743 4554 et
780 4488 895 4566 futuri,
930 4489 1018 4574 quod
1057 4510 1117 4576 ego
1150 4489 1345 4568 Willelmus,
1359 4512 1507 4563 hereseos

285 4593 380 4659 filius
414 4590 571 4656 Willelmi
603 4590 765 4656 ‹Ianitor-is
797 4591 837 4656 de
874 4590 1116 4670 Malrnesburia,
1149 4591 1277 4658 reddidi
1312 4579 1520 4696 etffiljmf

284 4694 405 4764 remisi
427 4695 571 4761 dominis
594 4695 686 4772 meis,
713 4693 879 4760 Willelmo
906 4693 1022 4760 abbati
1045 4700 1079 4761 et
1101 4697 1281 4762 conventui
1304 4697 1345 4762 de

283 4795 538 4876 Malmesburia,
568 4795 789 4872 ministerium
825 4797 940 4882 januae
971 4797 1114 4874 abbatiss
1151 4818 1272 4876 eorum,
1312 4803 1347 4877 et
