3578 5808
546 889 745 942 asarsusim
769 887 1092 940 umumsnmussn.
1305 874 1347 936 39

284 1082 442 1160 concessi,
466 1089 500 1147 et
533 1081 596 1147 hac
630 1080 784 1167 praesenti
816 1086 907 1146 carta
937 1101 1010 1145 mea
1044 1078 1244 1154 confirmavi,
1275 1076 1346 1142 Deo

290 1192 324 1250 et
358 1184 501 1250 ecclesi-<e
537 1184 651 1248 Sancti
681 1182 850 1247 Aldhelmi
888 1182 928 1246 de
968 1180 1209 1254 Malmesburia,
1244 1199 1344 1242 unam

290 1285 408 1350 libram
432 1308 514 1350 cerre
538 1284 781 1370 percipiendam
804 1284 846 1348 ad
874 1288 1089 1369 augmentum
1114 1281 1286 1346 luminaris
1307 1281 1345 1344 in

288 1389 400 1454 eadem
428 1387 571 1464 ecclesia,
601 1386 740 1474 singulis
764 1386 859 1451 annis
892 1386 934 1450 ad
968 1386 1090 1449 festum
1114 1383 1229 1448 Sancti
1262 1382 1343 1447 Ald-

289 1490 400 1566 helmi,
423 1492 464 1554 de
495 1498 604 1554 meet
636 1489 812 1554 heredibus
834 1489 916 1552 meis
947 1488 1199 1573 imperpetuum.
1246 1485 1343 1550 Hanc

288 1599 400 1657 autem
435 1593 645 1658 donationem
682 1597 716 1656 et
747 1590 985 1655 concessionem
1020 1589 1084 1654 feci
1123 1611 1182 1675 pro
1220 1610 1281 1662 me,
1308 1593 1343 1652 et

289 1694 464 1760 heredibus
498 1693 588 1772 meis,
622 1694 675 1757 die
710 1715 776 1777 qua
810 1692 986 1777 impetrare
1020 1692 1126 1756 merui
1160 1691 1341 1756 fraternam

287 1797 474 1862 societatem
507 1796 610 1881 ipsius
633 1795 782 1870 ecclesia,
806 1801 840 1859 et
873 1794 1160 1880 participationem
1192 1793 1341 1858 omnium

289 1899 447 1964 bonorum
471 1920 544 1982 quae
568 1898 603 1961 in
626 1896 699 1982 ipsa
721 1897 803 1962 fient
825 1896 1049 1981 imposterum,
1073 1897 1109 1959 in
1132 1895 1229 1982 pleno
1252 1895 1342 1980 oapi-

288 2000 358 2064 tuio
381 1999 572 2065 monasterii
597 1998 848 2072 Malmesburiae,
870 1997 1067 2083 praesidente
1094 1997 1227 2062 domino
1254 1997 1342 2062 Wal-

288 2109 367 2179 tero,
390 2108 471 2167 tunc
498 2100 653 2186 temporis
676 2100 822 2185 ejusdem
853 2099 915 2164 loci
938 2100 1065 2164 abbate.
1128 2099 1173 2164 Et
1202 2105 1241 2163 ut
1271 2099 1342 2166 haec

165 2213 180 2240 ⁸
288 2227 361 2270 mea
383 2203 517 2269 donatio
540 2209 613 2266 rata
632 2209 666 2266 et
688 2203 882 2266 inconcussa
899 2201 1020 2264 futuris
1044 2201 1247 2287 temporibus
1268 2224 1340 2286 per·

287 2312 427 2381 maneat,
459 2304 544 2370 hano
574 2309 697 2368 cartam
730 2304 843 2368 abbati
874 2301 1060 2368 conventu¹
1086 2303 1218 2378 feriet
1251 2304 1341 2390 sigil-

288 2409 357 2472 lum
379 2429 491 2472 meum
513 2407 659 2492 apposui.
706 2406 803 2470 Teste
825 2411 884 2470 etc.

662 2697 741 2764 Gap,
767 2696 965 2764 CLXXXII.

346 2862 452 2930 Oorto
480 2861 640 2927 Wiilelmi
664 2862 703 2926 de
728 2859 928 3028 Rsfflm'
957 2859 996 2924 do
1021 2859 1161 2926 reddita
1185 2880 1284 2946 qoem

731 2985 767 3027 ve
813 2962 833 3027 ,i
858 2961 894 3026 tt.

332 3118 447 3184 Sciant
478 3124 656 3203 praesentes
679 3124 714 3181 et
736 3117 840 3181 futuri
874 3116 962 3202 quod
996 3138 1056 3203 ego
1080 3117 1264 3183 Wiilelmus
1298 3119 1338 3184 de
1352 3131 1472 3186 Granios

286 3221 488 3297 Radesdene,
511 3240 644 3284 assensu
669 3226 704 3284 et
728 3219 901 3284 voluntate
929 3219 1087 3285 Dionisiae
1111 3222 1224 3286 uxoris
1247 3207 1416 3300 meram·

285 3329 322 3387 et
344 3322 484 3388 Walteri
508 3307 570 3385 fi'lii
593 3315 664 3386 mei'
689 3321 899 3407 primogeniti
923 3328 957 3384 et
979 3320 1119 3397 heredis,
1141 3327 1175 3386 et
1197 3323 1337 3388 aliorum

285 3425 444 3490 heredum
478 3445 634 3500 meorum,
669 3445 729 3508 pro
767 3445 885 3510 magno
920 3423 1053 3509 negocio
1087 3446 1168 3502 meo,
1203 3427 1338 3512 vendidi

286 3525 467 3591 venerabili
500 3527 587 3610 patri
617 3524 647 3588 J.
674 3525 789 3590 abbati
819 3530 854 3589 et
885 3527 1063 3590 conventui
1097 3527 1337 3596 Malmesburiae

284 3651 344 3715 pro
367 3629 410 3694 vi.
445 3629 561 3693 marcis
596 3628 845 3713 esterlingomm
876 3633 911 3692 et
944 3628 1066 3706 dimid„
1091 3635 1200 3694 totum
1230 3632 1337 3697 reddi-

285 3739 358 3795 tum
383 3753 504 3807 meum,
527 3736 561 3794 et
584 3735 693 3794 totum
713 3730 770 3814 jus
801 3752 909 3794 meum
934 3731 1023 3815 quod
1046 3731 1147 3796 habui
1181 3733 1217 3797 iu
1240 3734 1338 3799 feudo

284 3833 342 3898 ilio
366 3835 402 3898 in
425 3833 571 3897 manerio
587 3833 628 3898 de
653 3831 893 3917 Cred[ewelle],
917 3833 1005 3919 quod
1027 3834 1121 3898 tenui
1140 3835 1180 3900 de
1204 3836 1339 3902 ecclesia

285 3936 326 4001 de
364 3935 599 4000 Maimesburia
632 3941 707 4020 post
745 3941 882 3999 mortem
910 3935 1052 4002 Androm
1086 3937 1127 4000 de
1163 3937 1338 4015 staunton,

280 4038 357 4124 jure
380 4037 589 4114 hereditario,
613 4042 647 4102 et
668 4058 728 4123 per
750 4037 948 4102 escambium
973 4039 1060 4123 quod
1090 4039 1152 4104 feci
1176 4039 1273 4105 Petro
1297 4041 1338 4105 de

286 4141 431 4226 Optnnn,
465 4141 506 4205 de
540 4140 680 4205 dimidia
713 4139 805 4225 hyda
839 4146 935 4204 terrae
967 4141 1003 4203 in
1035 4141 1243 4218 Orodewelic,
1278 4165 1337 4228 pro

284 4247 373 4307 terra
405 4264 479 4306 mea
510 4243 551 4306 de
575 4241 737 4306 Stantone
772 4242 808 4304 iu
839 4241 1109 4306 Hereiordshire:
1141 4243 1264 4308 scilicet
1296 4244 1336 4310 de

283 4343 343 4408 illa
365 4343 503 4408 dimidia
525 4343 617 4429 hyda
640 4344 744 4420 terrae,
768 4365 866 4428 quam
891 4343 1075 4409 Willelmus
1098 4344 1138 4409 de
1162 4346 1338 4412 Bradefeld

283 4447 395 4512 tenuit
416 4446 458 4510 de
480 4468 541 4523 me,
563 4446 729 4511 reddendo
760 4446 932 4511 annuatim
956 4452 1099 4532 quatuor
1120 4448 1175 4513 sol.
1200 4454 1235 4513 et
1257 4469 1337 4534 qua-

282 4553 359 4613 tuor
382 4549 455 4614 den.
479 4555 514 4614 et
545 4549 594 4614 ob.
619 4550 659 4614 ad
693 4550 774 4614 duos
806 4549 963 4613 terminos
995 4549 1076 4616 anni
1088 4575 1096 4629 ;
1129 4551 1260 4625 scilicet,
1293 4551 1336 4616 ad

282 4707 589 4722 m„—
891 4711 1039 4720 -ο--ο-η-

716 4798 724 4832 ¹
742 4799 786 4850 sio
796 4797 823 4849 in
835 4799 893 4852 MS.
