3524 5808
444 867 509 938 372
856 884 1034 934 66666616
1058 885 1078 931 1.

445 1091 523 1135 mus
562 1070 653 1156 quod
690 1069 869 1155 pradictus
906 1069 1114 1154 coquinarius
1161 1069 1323 1156 percipiat
1359 1069 1500 1156 singulis

447 1174 544 1239 annis
586 1173 627 1237 dc
663 1172 842 1260 praeposito
882 1173 922 1237 de
958 1170 1095 1237 Kemele
1136 1172 1249 1238 decem
1296 1172 1418 1238 solidos
1456 1173 1500 1238 ad

448 1276 532 1340 dues
575 1275 655 1340 anni
700 1274 860 1340 terminos
898 1274 939 1339 de
977 1277 1067 1340 tarra
1092 1295 1167 1359 quae
1203 1273 1272 1338 fuit
1303 1273 1439 1340 Ricardi
1470 1275 1501 1339 le

448 1375 549 1443 Clark
572 1377 608 1442 in
631 1376 788 1456 Kemele;
811 1381 845 1441 et
866 1376 907 1441 de
930 1378 1045 1442 eodem
1068 1377 1247 1462 praeposito
1272 1381 1307 1441 et
1330 1377 1500 1442 decadem

447 1485 536 1546 terra
558 1479 639 1545 dicti
662 1479 797 1544 Ricardi
820 1479 851 1544 le
868 1477 970 1544 Clark
992 1479 1139 1564 quinque
1162 1479 1284 1544 solidos
1300 1479 1342 1544 ad
1358 1483 1501 1564 quatuor

446 1581 526 1646 anni
560 1582 718 1646 terminos
730 1605 738 1660 ;
772 1585 807 1645 et
843 1580 1060 1666 pitanciarius
1093 1580 1134 1644 de
1178 1580 1293 1644 eodem
1324 1581 1500 1666 praeposito

446 1683 594 1770 quinqua
629 1682 751 1748 solidos
782 1683 823 1748 de
855 1687 944 1748 terra
977 1682 1137 1769 praedicta
1167 1681 1211 1746 ad
1244 1686 1387 1768 quatuor
1419 1682 1499 1749 anni

449 1785 615 1853 terminos.

277 1996 323 2046 rs
339 1993 361 2044 6.
494 1988 670 2054 universis
706 1987 834 2053 ossa
872 1943 1033 2064 scansus,
1067 1987 1254 2053 vernaus
1291 1987 1356 2054 us
1392 1989 1502 2076 paea

278 2077 441 2194 ,Ilfflffif
450 2091 552 2156 abbas
576 2089 826 2166 Malmesburiae,
849 2089 990 2153 salutem
1019 2091 1055 2152 in
1082 2091 1226 2157 Domino
1257 2092 1499 2177 sempiternam.

280 2212 288 2260 t
289 2227 378 2260 eeeee
391 2210 419 2259 of
452 2193 595 2258 Noverit
632 2191 835 2256 universitas
873 2195 985 2256 vestra
1025 2192 1114 2276 quod
1148 2213 1223 2257 cum
1256 2192 1502 2259 elemosinarius

278 2278 440 2394 ppgplppener
452 2317 511 2380 per
532 2295 705 2380 antiquam
728 2293 986 2379 assignationem
1015 2293 1292 2378 praedecessorum
1314 2301 1501 2360 nostrorum

279 2410 398 2488 666666
450 2397 611 2484 percipiat
649 2417 761 2462 omnes
800 2395 944 2461 decimas
982 2395 1182 2460 villanorum
1222 2397 1263 2461 de
1301 2396 1501 2476 Muleborne,

282 2475 423 2528 Mutourn.
450 2501 596 2586 exceptis
640 2499 788 2585 quinque
832 2497 1056 2575 tenementis;
1102 2498 1266 2576 videlicet,
1311 2505 1501 2564 tenemento

450 2603 604 2669 Nieholai
627 2601 730 2686 Wrog
752 2605 787 2666 et
809 2605 1000 2665 tenemento
1022 2599 1181 2666 Willelmi
1204 2600 1313 2688 Wrog,
1337 2607 1372 2668 61
1394 2603 1501 2668 tribus

448 2706 523 2771 aliis
546 2705 746 2771 tenementis
770 2724 844 2788 quaa
868 2703 1044 2768 continent
1071 2703 1155 2768 duas
1176 2703 1324 2791 virgatas
1346 2709 1444 2770 terne
1467 2710 1501 2770 et

449 2807 640 2887 dimidiam;
662 2806 907 2872 considerantes
931 2805 1020 2891 quod
1043 2806 1228 2871 manerium
1250 2806 1292 2871 de
1316 2806 1402 2872 Albo
1430 2807 1499 2872 Mo·

449 2910 594 2976 nasterio
613 2930 681 2974 non
708 2905 850 2975 sufficiat
875 2907 920 2972 ad
944 2908 1209 2974 continuandum
1236 2907 1324 2973 diem
1352 2908 1499 2986 Sabbati,

450 3035 549 3099 quem
571 3011 750 3078 statuimus
777 3031 837 3095 pro
860 3009 1061 3076 recreatione
1091 3031 1283 3096 pauperum,
1305 3010 1371 3076 nisi
1393 3011 1499 3077 eidem

450 3115 544 3182 oculo
566 3113 700 3201 pietatis
723 3112 961 3192 subveniatur;
992 3111 1144 3176 unanimi
1166 3132 1303 3178 assensu
1326 3117 1361 3178 61
1383 3111 1501 3179 volun-

450 3223 520 3285 tate
543 3220 725 3284 conventus
747 3216 854 3280 nostri
869 3214 1032 3293 volumus,
1048 3219 1083 3279 61
1106 3235 1165 3300 pro
1179 3213 1275 3280 nobis
1291 3219 1326 3280 61
1338 3235 1500 3282 66666666-

449 3322 541 3387 ribus
563 3319 686 3386 nostris
708 3317 924 3394 concedimus,
940 3317 1029 3402 quod
1045 3315 1292 3389 elemosinarius
1315 3317 1501 3403 quicunque

450 3445 509 3510 pro
532 3429 679 3507 tempore
702 3420 812 3497 fuerit,
836 3419 999 3506 percipiat
1022 3423 1057 3484 et
1079 3418 1201 3485 habeat
1223 3439 1336 3484 omncs
1359 3419 1501 3486 decimas

449 3526 649 3592 villanorum
670 3524 711 3588 de
736 3522 938 3600 Muleborne,
954 3522 1040 3588 61661
1063 3522 1154 3608 prius
1178 3523 1344 3608 percipere
1367 3543 1500 3590 consue-

449 3631 510 3708 vit,
526 3628 625 3694 simul
640 3649 714 3695 curn
730 3625 867 3692 decimis
886 3626 926 3692 de
941 3625 1088 3712 quinque
1112 3625 1280 3712 praedictis
1302 3627 1502 3692 tenementis

451 3733 492 3797 de
522 3737 635 3796 nostra
667 3728 900 3814 assignatione,
935 3727 978 3792 ad
1011 3727 1274 3794 continuandum
1306 3729 1502 3814 praedictum

451 3834 540 3900 diem
556 3831 694 3898 Sabbati
710 3851 769 3916 pro
791 3829 1035 3895 sustentatione
1056 3849 1241 3915 pauperum
1256 3828 1502 3915 imperpetuum

451 3958 511 4024 pro
536 3933 710 4001 animabus
742 3931 911 4009 abbatum,
945 3931 1191 4010 monachorum,
1215 3930 1440 4010 fundatorum,
1467 3941 1504 3998 61

451 4039 700 4106 benefactorum
730 4038 927 4111 nostrorum,
950 4033 1091 4098 fratrum
1126 4038 1161 4099 et
1193 4054 1349 4112 sororum,
1376 4039 1411 4100 et
1433 4056 1503 4100 om-

450 4144 545 4207 nium
567 4140 716 4205 fidelium
739 4137 978 4203 defunctorum.
1026 4137 1071 4202 Et
1094 4138 1173 4222 quia
1197 4136 1333 4204 decimae
1355 4138 1396 4204 de
1418 4159 1504 4224 prae-

454 4244 552 4310 dictis
583 4242 729 4327 quinque
762 4240 962 4306 tenementis
996 4239 1212 4326 pertinebant
1243 4239 1287 4306 ad
1317 4241 1505 4306 manerium

453 4347 494 4411 de
517 4343 787 4419 Brokeneberwe,
819 4341 970 4408 nolentes
993 4341 1081 4428 quod
1105 4343 1290 4406 manerium
1321 4342 1363 4407 de
1397 4342 1505 4408 Brok-

455 4447 652 4535 [eneberwe]
675 4445 820 4531 aliquam
852 4444 1107 4509 diminutionem
1140 4443 1177 4507 in
1200 4442 1269 4508 auis
1295 4444 1507 4528 portionibus

453 4551 620 4639 patiatur;
649 4547 803 4613 volumus
834 4552 869 4612 et
891 4546 1099 4614 concedimus
1122 4545 1214 4630 quod
1245 4544 1431 4611 manerium
1463 4548 1507 4613 de

452 4653 713 4720 Brokeneberwe
746 4651 876 4728 habeat,
901 4651 937 4714 in
964 4648 1268 4735 recompensatione
1301 4648 1507 4716 deeimarum

452 4758 492 4822 dc
524 4755 690 4842 prredictis
725 4754 871 4839 quinque
904 4752 1101 4818 tenementis
1134 4750 1411 4836 provenientium,
1436 4758 1506 4818 ter-
