3526 5810
526 895 724 946 nnersrnmr
748 889 1069 942 urrunsuunrnrvsn
1259 875 1323 938 259

276 1091 362 1162 tone,
386 1085 422 1148 in
444 1082 643 1148 escambium
667 1081 708 1145 de
723 1079 759 1145 lu
781 1077 909 1156 Busche,
933 1098 1032 1162 quam
1055 1074 1164 1141 Alicia
1185 1074 1219 1140 le
1240 1073 1325 1139 Pau-

273 1208 361 1252 mere
383 1186 495 1251 tenuit
516 1185 556 1249 de
590 1182 757 1269 praedictis
779 1180 888 1267 priore
911 1184 946 1244 et
967 1179 1134 1245 conventu
1157 1176 1197 1241 de
1221 1175 1324 1241 Farn-

272 1287 369 1353 lethe.
416 1285 643 1353 concessimus
676 1285 777 1350 etiem
808 1281 931 1347 eisdem
963 1279 1065 1367 priori
1092 1285 1127 1344 et
1148 1277 1327 1345 conventui

274 1397 309 1458 et
331 1411 443 1462 eorum
465 1387 712 1465 suecessoribus,
735 1407 793 1473 pre
815 1385 911 1451 nobis
933 1389 968 1450 et
991 1381 1228 1450 successoribus
1250 1401 1325 1446 nos·

274 1493 345 1571 tris,
377 1490 465 1578 quod
499 1491 564 1578 ipsi
596 1490 686 1576 prior
708 1491 743 1554 et
765 1493 948 1555 conventus
971 1491 1005 1552 et
1027 1507 1139 1552 eorum
1162 1503 1324 1550 successo·

275 1617 326 1661 res
357 1595 559 1660 habeantet
591 1597 730 1658 teneant
750 1596 855 1656 terres
877 1589 965 1676 ipsos
980 1585 1161 1674 dompnum
1183 1587 1326 1673 priorem

275 1702 310 1762 et
332 1699 533 1764 conventum
554 1692 790 1780 contingentes,
814 1692 850 1757 in
872 1691 1000 1768 bruera,
1015 1690 1051 1753 in
1073 1693 1167 1775 parte
1189 1686 1327 1754 australi

276 1798 317 1864 de
349 1797 519 1875 Heiwode,
542 1801 577 1863 et
608 1796 696 1882 ipses
728 1801 831 1860 terres
863 1793 1020 1860 claudent
1054 1796 1088 1857 et
1124 1793 1161 1856 in
1194 1790 1328 1856 defenso

276 1905 422 1978 teneant,
445 1919 513 1964 una
543 1919 619 1964 cum
649 1896 781 1964 brechia
816 1895 875 1961 illa
896 1916 971 1981 quae
993 1893 1181 1980 appellatur
1202 1892 1330 1957 Withe-

277 2003 380 2080 vvode,
402 2008 438 2068 et
467 2001 600 2068 brechia
623 1999 758 2066 Thomae
780 1999 811 2066 le
833 1999 982 2077 Peumer,
1001 2003 1036 2065 et
1056 1997 1189 2064 brechia
1211 1997 1331 2084 Regeri

279 2107 319 2171 de
358 2105 392 2170 la
428 2103 547 2182 Broke,
570 2108 605 2169 et
642 2102 774 2169 brechia
800 2101 940 2166 Walteri
971 2101 1013 2166 de
1045 2098 1263 2178 Withewelle,
1297 2105 1331 2164 et

282 2207 412 2274 brechia
434 2205 592 2271 Willelmi
614 2204 656 2270 de
678 2201 909 2290 Wythevvelle,
931 2207 966 2268 et
988 2201 1121 2269 brechia
1142 2201 1279 2268 Henrici
1301 2200 1332 2266 le

280 2307 485 2385 Conestahle,
507 2307 660 2374 ettonis
675 2306 816 2374 Aliciam
839 2306 872 2373 la
886 2306 1045 2373 Paumere
1067 2307 1334 2394 contingentibus

275 2411 377 2497 juxta
393 2409 552 2477 Heiwode
574 2410 610 2474 in
637 2413 732 2495 parte
754 2409 898 2475 australi.
944 2408 999 2474 Ita
1021 2414 1134 2476 tamen
1156 2410 1244 2496 quod
1266 2431 1335 2496 prae

282 2512 410 2580 defectu
436 2511 611 2579 clausturee
638 2532 715 2589 suae,
743 2511 856 2576 averia
877 2514 991 2576 nostre
1024 2533 1082 2576 seu
1113 2532 1334 2579 successorum
1347 2519 1365 2570 r.
1378 2525 1436 2572 aso.

282 2621 467 2682 nostrorum
489 2637 588 2702 super
609 2614 784 2700 praedictes
807 2617 911 2678 terres
930 2613 1069 2679 invente
1083 2613 1176 2679 nullo
1190 2617 1338 2700 tempore

282 2719 410 2806 possint
432 2717 627 2804 imperkere,
645 2723 706 2784 aut
727 2717 854 2803 aliquas
877 2716 1031 2782 emendas
1053 2737 1168 2804 capere
1190 2715 1245 2782 vel
1267 2718 1337 2783 exi·

283 2843 368 2908 gere,
390 2820 617 2888 salvatamen
654 2819 749 2886 nobis
781 2825 816 2884 et
846 2819 1085 2886 suecessoribus
1107 2819 1229 2887 nostris
1251 2841 1338 2887 eom·

284 2945 386 2990 muna
407 2944 507 3009 quam
528 2923 650 2990 hebere
672 2923 900 2990 consuevimus
923 2922 960 2986 in
977 2923 1100 3009 campis
1115 2923 1157 2988 de
1171 2923 1337 2989 Alintone.

286 3026 356 3092 Nos
371 3047 449 3092 vero
471 3031 507 3091 et
528 3047 725 3093 successores
744 3025 850 3091 nostri
864 3029 969 3091 totam
992 3025 1185 3110 praedictam
1207 3030 1338 3104 terram,

285 3149 360 3194 cum
383 3127 536 3194 omnibus
558 3127 627 3192 suis
649 3127 867 3213 pertinentiis,
889 3126 1055 3213 praedictis
1078 3127 1179 3212 priori
1207 3132 1241 3193 et
1263 3147 1340 3194 con-

286 3230 411 3309 ventui,
433 3235 469 3297 et
499 3251 612 3296 eorum
645 3229 891 3307 successoribus,
913 3229 1000 3296 sicut
1031 3229 1257 3316 supradictum
1280 3235 1338 3308 est,

286 3338 401 3400 contra
433 3353 546 3398 omnes
577 3331 731 3398 mortales
765 3332 1008 3419 imperpetuum
1039 3332 1339 3412 warantizabimus,

286 3433 547 3522 acquietabimus
569 3439 604 3500 et
629 3433 848 3513 defendemus,
872 3433 964 3500 salvo
987 3440 1098 3502 tamen
1120 3435 1239 3504 clamis
1260 3456 1341 3523 quo·

287 3537 444 3602 rnmlibet
476 3537 616 3602 eliorum
648 3535 824 3603 liberorum
856 3557 1062 3604 communem
1084 3538 1279 3604 habentium
1302 3539 1339 3604 in

287 3641 463 3708 clausturis
493 3639 667 3726 praedictis.
715 3639 759 3704 Et
781 3639 818 3704 in
839 3639 1066 3706 testimonium
1088 3640 1190 3727 hujus
1212 3659 1341 3708 conces-

288 3743 389 3810 sionis
420 3747 550 3821 nostrae,
573 3741 636 3808 hoc
667 3741 826 3828 scriptum
859 3741 1054 3828 bipertitum
1087 3743 1176 3810 inter
1207 3765 1268 3810 nos
1292 3747 1344 3808 est

289 3845 483 3922 confectum,
505 3849 540 3910 et
562 3843 681 3931 sigfflis
702 3843 823 3911 nostris
845 3843 1035 3914 altemetim
1057 3845 1211 3934 appensis
1234 3845 1343 3911 muni-

289 3955 370 4016 tum.
416 3947 493 4013 Hiis
515 3947 664 4026 testibus,
688 3951 747 4014 etc

561 4177 564 4184 ’
629 4188 709 4256 ΟΔΡ.
733 4187 1008 4256 CCCLXXVIII.

423 4335 527 4403 Oartc
546 4335 679 4423 prioris
701 4345 730 4402 et
753 4344 933 4406 conversios
954 4337 994 4404 de
1017 4337 1210 4426 Famesque

340 4481 514 4548 Universis
539 4481 665 4550 Christi
686 4484 839 4551 fidelibus
866 4507 1009 4572 praesens
1032 4487 1192 4574 seriptum
1223 4489 1347 4575 inspec-
1360 4507 1496 4558 rheuma

298 4585 391 4664 turis,
430 4584 621 4672 Stephanus
655 4586 719 4652 Dei
751 4589 859 4675 gratis
892 4589 983 4674 prior
1014 4589 1056 4656 de
1090 4589 1283 4678 Farnleghe,
1313 4597 1348 4658 et

297 4687 445 4773 ejusdem
473 4688 536 4756 loci
566 4695 759 4767 conventus,
782 4690 922 4756 salutem
946 4698 1104 4759 aeternam
1136 4693 1173 4758 in
1195 4693 1347 4762 Domino.

296 4791 439 4857 Noverit
461 4792 661 4858 universitas
683 4799 794 4859 vestra
816 4815 876 4860 nes
899 4795 1092 4864 concessisse
1116 4798 1293 4884 pronubis
1316 4804 1351 4864 et

1148 4903 1214 4968 112
