3524 5808
452 893 517 956 338
707 903 910 954 nnorsrnuu
932 903 1256 953 uinunsnonrnusn

453 1095 545 1160 salvo
568 1115 759 1181 praeparare.
807 1094 848 1158 In
871 1093 965 1178 cujus
980 1095 1028 1159 rei
1043 1093 1272 1158 testimonium
1288 1091 1365 1158 huic
1387 1091 1509 1178 scripto

454 1197 612 1283 bipertito
650 1201 760 1282 partes
799 1195 909 1281 sigilla
947 1217 1007 1260 sua
1043 1197 1236 1262 alternatim
1274 1199 1508 1282 apposuerunt

457 1299 534 1364 Hiis
557 1299 721 1384 testibus,

852 1538 931 1605 cn.
956 1537 1106 1605 OOOOL.

457 1699 595 1766 Vinalia
618 1699 798 1766 concordio
828 1700 920 1766 tara·
954 1699 1155 1766 abbatemet
1189 1707 1388 1766 warantum
1422 1699 1510 1764 Mal-

545 1801 732 1902 mestar-ue,
756 1808 785 1866 et
826 1800 1033 1868 Willelmum
1067 1801 1103 1868 la
1144 1802 1248 1868 Wot'tc
1282 1810 1311 1870 et
1346 1801 1511 1868 Edittum

546 1925 686 1971 acorem
716 1905 795 1988 ejus.

288 2071 434 2122 thlcon-
505 2063 588 2131 Haec
619 2069 670 2128 est
701 2063 810 2128 finalis
844 2064 1018 2130 concordia
1056 2064 1146 2130 facta
1184 2067 1220 2130 in
1257 2067 1349 2131 curia
1386 2067 1510 2130 domini

289 2139 441 2254 {fflffind
460 2170 546 2254 regis
568 2167 657 2253 apud
682 2165 1020 2244 westmonasterium,
1051 2189 1072 2232 a
1094 2168 1148 2233 die
1176 2166 1318 2253 Sanctae]
1337 2169 1511 2234 Trinitatis

289 2271 442 2348 affingant
460 2272 496 2334 in
519 2268 707 2355 quindecim
731 2269 810 2346 dies,
833 2290 921 2334 anno
944 2271 1037 2355 regni
1053 2271 1139 2356 regis
1164 2270 1320 2335 Edwardi
1345 2271 1404 2334 filii
1425 2271 1511 2356 regis

289 2339 448 2455 poppaeo
461 2371 597 2437 Henrici
636 2370 880 2448 sexto-decimo,
919 2392 1026 2436 coram
1065 2371 1193 2455 Thoma
1236 2373 1277 2437 de
1316 2372 1510 2456 Weylaund‚

290 2471 380 2537 abbey.
460 2474 613 2540 Johanne
636 2474 676 2537 de
700 2472 851 2550 Lovecot,
875 2472 1042 2540 Willelmo
1065 2475 1105 2538 de
1124 2475 1303 2552 Burutone‚
1327 2481 1361 2539 et
1385 2475 1510 2560 Rogero

459 2579 499 2643 de
524 2576 707 2662 Leycestre,
728 2576 932 2660 justiciariis,
956 2583 990 2642 et
1012 2577 1086 2641 aliis
1102 2576 1228 2641 domini
1250 2577 1337 2662 regis
1360 2577 1509 2640 fidelibus

458 2686 539 2745 tunc
562 2680 610 2743 ibi
633 2679 862 2765 praesentibus,
877 2679 965 2744 inter
979 2679 1115 2744 fratrem
1139 2679 1341 2746 Willelmum
1358 2679 1509 2744 abbatem

458 2781 601 2847 ecclesiae
637 2781 751 2846 Sancti
783 2779 927 2844 Aldelmi
962 2781 1003 2846 de
1035 2781 1277 2857 Malmesburia,
1312 2787 1510 2866 querentem,

459 2890 494 2949 et
516 2881 720 2946 Willelmum
743 2883 774 2946 le
809 2881 931 2966 Wayte
963 2883 1004 2946 de
1037 2881 1253 2968 Chippeham‚
1287 2890 1323 2947 et
1356 2882 1509 2946 Editham

459 3008 596 3052 uxorem
621 2986 700 3070 ejus,
724 2982 962 3061 deforciatores‚
987 2985 1028 3050 de
1050 2985 1173 3070 viginti
1197 2991 1231 3049 et
1254 2991 1395 3070 quatuor
1428 2985 1509 3049 acris

461 3097 556 3154 terrae
590 3110 665 3153 cum
699 3087 910 3173 pertiuentiis
942 3087 978 3150 in
1018 3087 1208 3173 Kyngtone,
1232 3088 1319 3152 unde
1353 3088 1510 3173 placitum

461 3191 689 3258 conventionis
727 3190 965 3253 summonitum
1003 3188 1069 3253 fuit
1105 3189 1195 3254 inter
1232 3211 1286 3254 eos
1325 3191 1361 3253 in
1398 3190 1510 3253 eadem

462 3295 559 3360 cun'a.
623 3292 757 3357 Scilicet
794 3291 882 3376 quod
921 3291 1072 3377 praedicti
1105 3290 1291 3356 Willelmus
1324 3299 1359 3356 ct
1390 3291 1511 3355 Editha

460 3400 722 3482 recognoverunt
745 3394 937 3481 praedictam
960 3399 1082 3458 terram
1105 3415 1179 3458 cum
1211 3395 1421 3480 pertinentiis
1443 3415 1510 3458 esse

456 3500 513 3584 jus
535 3499 639 3582 ipsius
662 3496 792 3560 abbatia
815 3501 849 3560 et
873 3494 1015 3560 ecclesiae
1038 3516 1107 3559 suae
1124 3495 1238 3560 Sancti
1261 3495 1405 3560 Aldelmi
1429 3517 1509 3582 prae-

461 3603 567 3677 dictae,
592 3607 630 3662 ut
653 3601 743 3662 illam
768 3619 867 3682 quam
891 3597 979 3661 idem
1002 3597 1104 3662 abbas
1135 3603 1170 3662 et
1190 3598 1325 3663 ecclesia
1348 3621 1406 3664 sua
1429 3621 1509 3684 prae-

462 3705 551 3768 dicta
572 3702 697 3764 habent
720 3701 761 3762 de
784 3699 869 3762 dono
885 3699 1117 3784 praedictorum
1134 3699 1291 3764 Willelmi
1315 3707 1349 3764 et
1373 3700 1508 3765 Edithae.

462 3805 659 3869 Habendam
684 3808 718 3866 et
740 3801 918 3866 tenendam
942 3801 1049 3864 eidem
1081 3802 1195 3865 abbati
1219 3806 1251 3865 et
1274 3803 1509 3868 successoribus

463 3907 539 3982 suis,
564 3912 597 3970 et
621 3905 763 3969 eeclesiae
785 3924 853 3966 suae
876 3902 1053 3988 praedictae,
1085 3904 1125 3966 de
1157 3903 1324 3988 praedictis
1348 3905 1510 3969 Willelmo

465 4013 500 4072 et
538 4007 662 4070 Editha
699 4009 733 4068 et
765 4003 941 4068 heredibus
980 4003 1084 4088 ipsius
1123 4003 1264 4082 Edithae‚
1297 4006 1333 4068 in
1368 4005 1510 4084 liberam,

465 4130 582 4196 puram
620 4114 654 4173 et
691 4110 885 4192 perpetuam
923 4105 1134 4169 elemosinam
1172 4107 1423 4192 imperpetuum.
1469 4109 1513 4172 Et

464 4212 614 4298 praedicti
638 4209 823 4275 Willelmus
846 4213 880 4272 et
904 4206 1028 4271 Editha
1047 4214 1082 4271 ct
1104 4207 1240 4273 heredes
1254 4210 1358 4295 ipsius
1383 4211 1511 4276 Edithae

466 4313 738 4390 warantizabunt,
762 4309 1008 4395 acquietabunt,
1041 4314 1075 4372 et
1107 4310 1285 4375 defendent
1319 4312 1424 4376 eidem
1457 4313 1512 4377 ab·

464 4418 534 4482 bati
569 4422 603 4480 et
636 4413 872 4480 successoribus
907 4412 983 4488 suis,
1007 4417 1042 4476 et
1065 4412 1207 4477 ecclesiae
1239 4435 1308 4478 sure
1341 4416 1511 4499 praedictae,

464 4519 655 4604 praedictam
679 4521 800 4579 terram
824 4537 898 4579 cum
922 4515 1133 4599 pertinentiis
1156 4519 1195 4580 ut
1218 4514 1365 4594 liberam,
1388 4540 1512 4602 puram,

464 4627 498 4684 et
530 4624 724 4704 perpetuam
749 4617 957 4681 elemosinam
990 4623 1105 4682 contra
1134 4639 1246 4682 omnes
1280 4618 1430 4684 homines
1452 4622 1511 4684 im-

464 4725 669 4808 perpetuum.
717 4719 760 4782 Et
783 4719 870 4783 idem
893 4719 995 4784 abbas
1025 4719 1150 4804 recepit
1181 4721 1354 4806 praedictos
1387 4721 1511 4788 Willel-

464 4845 556 4888 mum
579 4830 614 4887 et
636 4823 794 4887 Editham
817 4823 852 4885 in
875 4822 1014 4908 singulis
1044 4822 1247 4890 orationibus
1270 4830 1305 4889 et
1338 4824 1514 4904 benefieiis,
