3526 5810
465 823 529 892 274
718 838 915 888 auorsrauu
939 838 1262 891 uruuusaurmusr.

463 1022 778 1090 Nechertikenhulle
808 1023 910 1108 juxta
947 1027 1069 1088 terram
1104 1021 1262 1089 Willolmi
1300 1023 1332 1089 le
1372 1024 1445 1102 Ouf,
1485 1029 1518 1092 et

464 1129 547 1195 duae
569 1127 710 1213 perticae
733 1126 769 1190 in
796 1125 825 1190 le
850 1123 1140 1202 Ouereta'lccnbolle,
1163 1131 1198 1190 ei
1220 1147 1322 1191 unam
1345 1127 1516 1192 dimidiam

463 1252 572 1296 acram
596 1230 632 1293 in
655 1227 944 1313 Bremeliforlonge
973 1228 1075 1312 juxta
1107 1232 1228 1293 terram
1252 1229 1393 1294 Ameldi
1424 1229 1519 1294 dela

464 1331 578 1410 Forde‚
602 1336 637 1397 et
657 1337 770 1396 'uuam
805 1329 977 1396 dimidiam
1008 1349 1118 1396 amam
1149 1330 1240 1416 apud
1269 1330 1519 1396 Alwardesham

459 1437 561 1522 juxba
609 1439 731 1500 terram
770 1433 908 1499 Henrici
946 1432 1102 1510 Bernard,
1140 1437 1176 1498 et
1205 1455 1307 1498 unam
1345 1434 1517 1499 dimidiam

462 1561 570 1604 acram
594 1539 683 1623 apud
706 1535 921 1602 Boterewelle
939 1534 1041 1620 juxta
1062 1539 1183 1600 terram
1206 1536 1356 1621 praedicii
1380 1535 1517 1614 Mathai,

463 1647 497 1706 et
530 1660 631 1704 uuam
666 1639 838 1704 dimidiam
870 1658 979 1703 acram
1013 1637 1102 1722 apud
1135 1636 1388 1702 Alwardesham
1416 1637 1519 1722 juxta

463 1747 584 1808 cenam
615 1741 773 1806 Willelmi
805 1740 836 1806 le
869 1739 942 1816 Ouf,
965 1745 1000 1804 et
1033 1760 1134 1804 unam
1167 1740 1326 1824 perticam
1359 1740 1449 1826 apud
1486 1739 1517 1804 lc

469 1843 698 1930 llylbiyaiclle
716 1844 818 1929 junia
840 1847 962 1908 lenam
979 1841 1114 1906 Ricardi
1130 1840 1314 1926 Upehulle:
1337 1842 1373 1905 in
1396 1863 1518 1907 eccam-

462 1948 555 2012 bium
578 1948 725 2012 omnium
749 1952 911 2010 terrarum
936 1965 1017 2030 quas
1040 1945 1127 2008 idem
1150 1942 1323 2010 «Iohannes
1346 1951 1381 2009 et
1405 1966 1518 2010 omnes

462 2048 611 2113 homines
634 2049 686 2113 eui
711 2047 908 2128 ¹habuerunt
939 2047 975 2110 in
1010 2046 1135 2132 campis
1167 2046 1207 2110 de
1241 2045 1460 2132 Houlrugge;
1482 2053 1517 2111 et

463 2153 499 2215 in
534 2150 734 2216 escambium
772 2149 872 2214 nnius
910 2148 1058 2213 dimidiae
1097 2169 1181 2214 acrae
1212 2169 1312 2233 super
1343 2147 1517 2214 Dunhulle

457 2255 559 2339 juxta
593 2259 715 2318 terram
738 2252 897 2317 Willelmi
930 2251 1033 2316 Briau
1067 2252 1102 2317 in
1137 2257 1230 2337 parte
1253 2251 1459 2328 occidentali,
1481 2257 1517 2316 et

461 2358 562 2421 unius
594 2356 741 2420 dimidiae
772 2376 856 2420 acrae
891 2375 989 2441 super
1022 2351 1240 2438 Obegarsbone
1274 2353 1363 2418 inter
1393 2359 1516 2418 terram

466 2458 619 2524 Willelmi
654 2459 695 2522 de
720 2457 917 2542 Coubrugge
949 2461 984 2520 ei
1005 2454 1090 2520 Adae
1113 2453 1298 2532 Alfmarck3
1334 2461 1368 2519 ot
1400 2456 1435 2520 in
1467 2477 1516 2522 aa·

461 2561 626 2626 cambium
649 2561 749 2625 unius
772 2560 920 2624 dimidiae
942 2579 1026 2624 acrae
1057 2579 1155 2644 super
1178 2556 1397 2643 Edringhulle
1415 2558 1516 2643 juxta

461 2669 582 2728 terram
606 2663 773 2748 quondam
795 2661 935 2727 Jordani
957 2660 999 2724 de
1022 2657 1204 2735 Dunhullc,
1228 2663 1262 2723 ei
1294 2660 1394 2723 unius
1417 2660 1515 2724 dimi-

460 2767 525 2831 diae
559 2787 643 2832 acrae
676 2787 774 2851 super
812 2763 1026 2832 Boterewelle
1061 2763 1149 2826 inter
1187 2767 1309 2826 terram
1343 2762 1514 2848 Margariae

460 2867 626 2954 Upehulle
650 2872 684 2932 eb
715 2873 837 2932 terram
860 2865 998 2930 Henrici
1022 2863 1163 2942 Hubert,
1187 2876 1222 2928 et
1244 2865 1344 2928 unius
1367 2865 1513 2931 dimidia

458 2993 543 3038 acrae
566 2972 601 3035 in
625 2971 739 3036 eadem
762 2969 892 3034 cultura
911 2969 1012 3054 juxta
1034 2973 1156 3032 terram
1179 2967 1331 3053 praedicti
1355 2966 1512 3034 Willelmi

459 3075 500 3138 de
524 3071 721 3158 Coubrugge
754 3072 790 3134 in
819 3077 914 3156 parde
946 3068 1152 3146 occidenbali‚
1186 3069 1343 3132 etunius
1367 3069 1512 3136 dimidiae

458 3197 542 3243 acrae
560 3177 662 3261 juxta
685 3174 979 3258 Pubbelsebesweye
1001 3174 1038 3236 in
1060 3178 1154 3257 pane
1178 3171 1342 3251 orientali,
1358 3178 1394 3238 eb
1415 3175 1512 3238 unius

459 3278 607 3343 dimidiae
630 3299 714 3342 acrae
737 3297 835 3362 super
865 3275 901 3340 lu
935 3273 1082 3340 Iclonde
1106 3275 1193 3338 inter
1226 3279 1349 3338 herram
1374 3274 1512 3340 Amaldi

460 3382 501 3448 de
534 3382 568 3448 la
598 3381 703 3446 Forde
741 3385 776 3445 eb
805 3378 958 3466 praedicti
980 3376 1139 3443 Willelmi
1173 3377 1214 3442 de
1245 3375 1452 3464 Ooubrugge,
1479 3387 1513 3444 ci

458 3485 558 3548 unius
581 3484 728 3548 dimidiae
750 3503 835 3548 acrae
850 3503 949 3568 super
971 3479 1007 3544 lo
1023 3479 1244 3564 Locyelonda,
1263 3479 1366 3564 juxta
1390 3487 1510 3545 terram

458 3584 596 3650 Henrici
620 3584 767 3650 Bernard
791 3583 827 3648 in
850 3587 944 3668 parba
967 3581 1161 3668 aquilonari,
1184 3583 1343 3645 etunius
1366 3583 1511 3648 dimidiae

458 3708 542 3753 acrae
564 3708 663 3772 super
686 3686 870 3751 Rullimore
897 3685 1001 3770 juxta
1031 3689 1154 3748 terram
1176 3681 1343 3748 Johannis
1367 3683 1514 3764 Celston,

459 3795 494 3856 et
515 3793 567 3855 est
589 3787 741 3875 capitalis
764 3789 801 3852 in
814 3791 910 3873 parte
933 3785 1097 3851 orientali.
1138 3785 1228 3865 Quas
1252 3785 1387 3870 quidem
1411 3793 1515 3852 terras

458 3892 635 3980 praedictus
658 3889 829 3955 lohannes
860 3889 901 3953 de
932 3887 1028 3952 nobis
1060 3887 1180 3965 tenuit,
1203 3886 1374 3953 habendas
1408 3895 1442 3954 et
1465 3895 1514 3955 te-

457 3995 583 4062 nendae
606 4001 694 4060 bobas
717 3993 892 4080 praedictae
926 3997 1038 4068 berrao,
1061 4011 1136 4055 cum
1168 3989 1329 4076 praedicta
1351 3991 1457 4057 crofta
1479 3999 1515 4058 eb

458 4099 611 4166 omnibus
645 4097 719 4164 aliis
752 4095 967 4182 pertinentiis
998 4094 1074 4170 suis,
1106 4092 1267 4178 praedicto
1298 4092 1447 4160 Johanni
1479 4101 1515 4162 et

456 4200 632 4266 heredibus
655 4199 731 4276 suis,
754 4198 808 4263 vel
831 4198 899 4262 suis
922 4195 1106 4282 assignatis,
1129 4195 1169 4259 de
1192 4193 1288 4259 nobis
1319 4200 1353 4260 ei
1387 4217 1514 4262 succes·

456 4302 585 4369 soribus
607 4303 738 4379 nostrie,
753 4300 864 4378 libere,
881 4301 1000 4385 quiete,
1024 4297 1107 4363 bene
1131 4302 1166 4362 ei
1187 4299 1224 4362 in
1246 4318 1326 4382 pace
1350 4299 1516 4386 imperpe-

457 4412 561 4472 tuum.
609 4406 679 4470 Nos
702 4425 780 4470 vero
803 4411 838 4469 eb
860 4422 1059 4467 successores
1089 4400 1194 4464 nosiri
1226 4403 1314 4464 botas
1337 4401 1514 4486 praedicas

457 4515 561 4576 berrae
584 4528 658 4574 cum
681 4506 839 4593 praedicta
861 4503 973 4582 crofta,
996 4507 1031 4568 et
1063 4523 1138 4568 cum
1168 4501 1321 4565 omnibus
1344 4503 1514 4587 pertinen-

457 4615 515 4680 tiis
548 4611 626 4690 suis,
649 4611 735 4677 sicut
772 4608 968 4696 praedictum
1006 4610 1066 4683 est,
1096 4604 1255 4691 praedicto
1293 4603 1442 4669 Johanni
1477 4611 1513 4671 eb

457 4715 632 4783 heredibus
664 4719 699 4779 ea
735 4712 911 4800 assignabis
949 4709 1017 4778 suis
1056 4713 1171 4775 contra
1208 4727 1321 4773 omnes
1353 4707 1511 4774 mortales
