3566 5820
421 878 484 942 126
673 892 872 944 assrsraun
896 895 1219 946 muunsnunrmrsn

417 1077 612 1161 praedictum
635 1077 841 1162 capellanum
864 1077 980 1144 divina
1001 1079 1220 1146 celebrantem
1256 1081 1294 1146 in
1315 1080 1472 1165 predicta

417 1177 544 1263 capella
564 1179 816 1264 imperpetuum.

463 1282 507 1346 Et
538 1288 697 1368 praetcrea
730 1282 818 1348 idem
848 1283 950 1349 abbas
976 1285 1134 1350 concessit
1157 1305 1216 1370 pro
1234 1307 1268 1350 se
1292 1291 1327 1350 et
1348 1305 1472 1352 succes-

417 1384 544 1449 soribus
567 1385 642 1462 suis,
666 1392 700 1450 et
715 1373 857 1450 ¹ecclesia
886 1405 947 1448 sua
980 1386 1147 1471 praedicta,
1170 1386 1276 1452 eidem
1309 1386 1471 1454 Nicholao

417 1487 608 1571 praedictam
631 1492 753 1552 tanam
775 1508 849 1552 cum
873 1488 1082 1572 pertinentiis
1113 1487 1156 1552 ad
1186 1489 1324 1566 firmam,
1347 1489 1470 1554 haben·

417 1588 494 1652 darn
517 1593 552 1653 ct
574 1589 750 1655 tenendam
774 1589 880 1654 eidem
912 1588 1073 1654 Nicholao
1095 1610 1117 1654 a
1139 1590 1192 1654 dic
1215 1611 1281 1674 quo
1303 1589 1374 1656 haec
1396 1613 1471 1657 con-

416 1690 527 1756 cordia
563 1691 654 1758 facta
690 1692 763 1768 fuit,
802 1711 905 1776 usque
943 1691 987 1756 ad
1023 1691 1121 1756 linem
1155 1692 1278 1778 viginti
1309 1713 1470 1759 annorum

417 1793 567 1876 proximo
589 1793 869 1877 subsequentium,
893 1791 946 1857 vel
979 1793 1146 1878 usquead
1179 1795 1356 1859 terminum
1389 1797 1470 1861 vilae

416 1892 521 1980 ipsius
543 1894 707 1974 Nicholai,
729 1895 757 1958 si
796 1895 865 1981 ipse
895 1894 983 1958 infra
1005 1895 1180 1980 praedictos
1212 1896 1333 1982 viginti
1365 1919 1469 1962 annos

416 1995 552 2062 obierit:
576 1996 743 2062 reddendo
777 1995 855 2060 inde
886 2017 945 2080 per
987 2017 1111 2062 annum
1145 1997 1251 2061 eidem
1288 1997 1403 2064 abbati
1435 2004 1469 2062 et

416 2099 652 2165 successoribus
686 2099 764 2177 suis,
787 2102 822 2164 et
851 2098 994 2164 ecclesiae
1025 2121 1093 2164 suae
1125 2099 1299 2185 praedictae,
1323 2100 1468 2184 quinque

415 2225 539 2270 marcas
573 2205 701 2291 argenti
736 2202 779 2267 ad
817 2204 1090 2268 sustentationem
1115 2203 1268 2288 praedicti
1297 2203 1468 2289 capellani,

416 2306 530 2372 divina
553 2307 749 2372 celebrantis
772 2305 808 2369 in
835 2305 993 2390 praedicta
1015 2304 1148 2390 capella,
1172 2305 1215 2370 ad
1238 2310 1380 2390 quatuor
1401 2309 1467 2370 ter-

416 2409 522 2475 minos
555 2410 656 2487 anni;
695 2407 826 2484 scilicet,
870 2407 914 2471 ad
952 2404 1076 2472 Pascha
1114 2428 1214 2472 unam
1253 2429 1393 2474 marcam
1433 2414 1468 2473 et
1504 2405 1506 2410 ’

415 2511 634 2596 quadraginta
657 2510 827 2587 denarios;
853 2509 895 2573 ad
913 2509 1034 2572 festum
1058 2507 1173 2573 Sancti
1195 2507 1358 2574 Johannis
1381 2509 1468 2596 Bap-

416 2611 504 2676 tistae
527 2631 627 2677 unam
651 2631 793 2676 marcam
824 2614 859 2674 et
889 2609 1111 2694 quadraginta
1142 2609 1312 2688 denarios;
1337 2609 1380 2674 ad
1403 2611 1468 2675 fes-

415 2716 487 2776 tum
527 2713 641 2780 Sancti
674 2713 845 2778 Michaelis
881 2733 983 2777 unam
1007 2733 1150 2778 marcam
1181 2716 1216 2776 et
1246 2712 1468 2800 quadraginta

415 2814 584 2892 denari0s;
607 2821 642 2879 et
664 2813 707 2878 ad
723 2815 844 2880 Natale
866 2813 1002 2880 Domini
1018 2835 1119 2878 unam
1143 2835 1284 2880 marcam
1308 2820 1343 2878 ct
1364 2815 1468 2900 quad-

415 2917 547 3004 raginta
569 2917 727 2981 denarios.
776 2916 821 2980 Et
842 2922 916 3002 post
940 2917 1040 2982 finem
1063 2915 1214 3002 praedicti
1244 2916 1387 2994 termini,
1413 2917 1468 2982 vel

415 3023 490 3104 post
513 3017 679 3083 decessum
703 3017 806 3103 ipsius
830 3017 993 3094 Nicholai,
1016 3017 1044 3081 si
1068 3017 1156 3083 infra
1170 3018 1349 3082 terminum
1372 3019 1467 3082 illum

416 3119 598 3196 decesserit,
621 3119 779 3206 praedicta
800 3124 888 3184 terra
915 3141 988 3184 cum
1021 3118 1232 3204 pertinentiis
1254 3119 1383 3206 integre
1417 3142 1468 3184 re·

415 3229 565 3288 vertetur
587 3222 631 3287 ad
653 3221 847 3307 praedictum
870 3222 1024 3286 abbatem
1048 3228 1083 3285 et
1106 3241 1303 3286 successores
1325 3243 1410 3300 suos,
1434 3229 1468 3286 et

415 3325 583 3390 ecclesiam
606 3345 699 3389 suam
722 3323 924 3410 praedictam,
947 3323 990 3389 ad
1017 3322 1291 3388 sustentationem
1315 3325 1468 3409 praedicti

415 3427 584 3512 capellani,
617 3427 727 3512 quiete
750 3425 792 3490 de
825 3424 1001 3491 heredibus
1032 3425 1136 3511 ipsius
1167 3424 1322 3491 Nicholni
1346 3427 1466 3513 imper-

414 3534 560 3614 petuum.
601 3527 646 3592 Et
668 3527 836 3594 sciendum
853 3527 940 3613 quod
964 3548 1031 3591 non
1046 3526 1159 3592 licebit
1175 3526 1282 3590 eidem
1304 3526 1466 3594 Nicholao

414 3629 606 3715 praedictam
629 3635 759 3707 terram,
783 3650 844 3694 nec
872 3629 1018 3714 aliquam
1041 3634 1167 3715 partem
1200 3629 1356 3715 ejusdem,
1380 3631 1466 3706 dare,

416 3733 565 3810 vendere,
587 3733 767 3810 invadiare,
790 3753 850 3798 nec
871 3733 982 3817 aliquo
1013 3732 1078 3797 alio
1101 3732 1197 3798 modo
1220 3731 1382 3812 alienare;
1405 3755 1466 3798 neo

414 3839 454 3904 dc
478 3839 591 3905 eadem
615 3843 756 3914 vastum,
780 3836 1002 3901 venditionem
1027 3836 1081 3902 vel
1104 3835 1241 3900 exilium
1264 3835 1377 3913 facere,
1400 3858 1466 3921 quo

414 3942 523 4006 minus
546 3944 621 4026 post
643 3939 742 4004 finem
769 3938 919 4024 praedicti
952 3938 1094 4014 termini,
1117 3938 1171 4003 vel
1201 3944 1277 4024 post
1299 3938 1464 4004 decessum

413 4045 517 4130 ipsius
548 4041 711 4120 Nicholai,
734 4041 762 4106 si
785 4041 906 4107 obierit
932 4039 1020 4106 infra
1050 4039 1229 4105 terminum
1252 4039 1359 4118 illum,
1382 4062 1465 4127 prae·

414 4146 503 4212 dicta
539 4152 628 4210 terra
665 4167 740 4210 cum
778 4142 988 4229 pertinentiis
1034 4141 1161 4228 integre
1198 4147 1386 4207 revertatur
1422 4143 1466 4208 ad

414 4249 609 4333 praedictum
631 4247 785 4314 abbatem
815 4252 851 4311 et
883 4265 1081 4312 successores
1112 4265 1197 4322 suos,
1230 4249 1265 4309 et
1296 4245 1464 4314 ecclesiam

414 4372 506 4416 suam
530 4350 732 4436 praedictam,
755 4348 866 4433 quiete
889 4349 1141 4434 imperpetuum.

459 4454 503 4520 Et
534 4459 694 4542 praeterea
716 4451 804 4516 idem
827 4450 929 4517 abbas
952 4450 1078 4536 recepit
1109 4449 1305 4536 praedictum
1340 4449 1463 4515 Nicho-

413 4557 502 4624 laum
524 4557 561 4619 in
583 4553 722 4640 singulis
745 4553 912 4618 beneficiis
935 4557 969 4618 et
984 4550 1189 4617 orationibus
1208 4551 1266 4635 qui
1289 4551 1464 4618 decaetero

413 4660 495 4724 fient
516 4657 552 4721 in
575 4656 671 4720 domo
694 4660 729 4720 et
751 4654 887 4721 ecclesia
909 4675 970 4719 sua
991 4653 1152 4739 praedicta
1173 4653 1425 4739 imperpetuum.
