3524 5808
471 854 535 920 398
880 867 1059 918 reesunrx
1083 868 1118 918 11.

471 1056 622 1124 Burthon
660 1064 784 1124 tenent.
846 1059 912 1138 Qui
939 1061 1073 1146 quidem
1096 1060 1198 1125 abbas
1229 1083 1287 1146 per
1318 1067 1521 1128 attornatum

472 1165 507 1223 et
528 1159 698 1225 Johannes
722 1159 831 1245 Curry
854 1167 1025 1227 venerunt.
1073 1162 1118 1226 Et
1140 1161 1310 1228 Johanues
1333 1163 1415 1228 alias
1438 1164 1522 1228 dixit

471 1262 559 1346 quod
581 1263 651 1348 ipse
675 1268 767 1326 tenet
797 1263 910 1328 eadem
934 1267 1124 1329 tenementa
1146 1286 1189 1327 ex
1220 1264 1410 1330 dimissione
1441 1287 1520 1351 pre

470 1364 551 1429 dicti
586 1363 739 1440 abbatis,¹
760 1385 863 1448 usque
902 1365 944 1427 ad
983 1365 1165 1450 legitimam
1204 1371 1336 1430 aetatem
1376 1367 1520 1452 praedicti

471 1464 643 1542 Johannis,
671 1465 734 1549 [et]
757 1464 840 1530 alias
864 1466 998 1532 vocavit
1020 1466 1097 1530 inde
1129 1467 1173 1531 ad
1196 1468 1392 1533 warentiam
1415 1469 1520 1554 ipsum

470 1568 623 1633 abbatem
661 1567 704 1633 ad
743 1568 948 1634 warentiam.
1004 1568 1069 1647 Qui
1108 1569 1242 1654 quidem
1286 1570 1388 1634 abbas
1427 1561 1520 1636 modo

442 1663 444 1668 ’
471 1671 565 1734 veuit
601 1691 659 1754 per
691 1673 896 1736 attornatum
945 1692 1051 1746 suum,
1086 1677 1121 1735 et
1152 1673 1387 1737 warantizavit
1417 1673 1520 1738 eidem

472 1770 619 1838 Johanni
643 1773 818 1859 praedictas
842 1773 925 1839 duas
948 1780 1059 1861 partes
1081 1775 1233 1861 praedicti
1257 1775 1405 1854 manerii,
1421 1796 1520 1861 usque

472 1875 515 1939 ad
552 1874 736 1961 legitimam
775 1879 916 1952 aetutem,
949 1881 988 1939 ut
1023 1875 1217 1962 praedictum
1253 1882 1310 1942 est.
1367 1877 1413 1942 Et
1443 1877 1521 1942 dicit

472 1976 560 2062 quod
582 1977 668 2041 nihil
702 1977 823 2042 clamat
855 1979 889 2040 in
923 1978 1091 2063 praedictis
1125 1981 1330 2056 tenementis,
1354 1979 1419 2044 nisi
1452 2001 1520 2044 cus·

472 2081 596 2146 todiam
635 2102 739 2166 usque
776 2079 819 2144 ad
853 2079 1037 2167 legitimam
1075 2086 1209 2146 aetatem
1244 2082 1348 2168 ipsius
1386 2081 1520 2146 heredia

471 2184 564 2249 Dicit
586 2183 674 2248 enim
698 2183 787 2269 quod
810 2203 922 2248 omnes
944 2188 1164 2249 antecessores
1188 2185 1339 2271 praedicti
1361 2184 1521 2250 Johannis

471 2290 651 2350 tenuerunt
674 2284 869 2371 praedictum
897 2284 1080 2349 manerium
1111 2285 1152 2348 de
1187 2283 1370 2351 Newebold
1393 2285 1521 2370 Comyn

471 2389 511 2452 de
534 2387 606 2473 ipso
633 2387 753 2453 abbate
776 2391 811 2452 et
840 2387 1131 2473 praedecessoribus
1158 2387 1226 2451 suis
1258 2410 1316 2473 per
1347 2388 1520 2454 servicium

469 2490 623 2566 militare,
660 2489 792 2566 scilicet,
830 2512 888 2576 per
927 2489 1101 2554 servicium
1141 2490 1362 2578 quadraginta
1403 2491 1520 2557 solido-

470 2615 543 2657 rum
588 2614 647 2678 per
696 2614 830 2668 aunum,
868 2596 903 2655 et
946 2614 1005 2677 per
1049 2591 1225 2656 servicium
1275 2597 1403 2678 quartae
1448 2614 1521 2678 par·

474 2696 519 2760 tis
542 2696 631 2760 feodi
662 2696 762 2759 unius
796 2693 920 2770 militis,
957 2701 992 2758 et
1026 2716 1084 2780 per
1116 2700 1237 2760 sectam
1261 2695 1444 2761 faciendam
1478 2695 1520 2760 ad

403 2795 419 2808 “
470 2797 593 2862 curiam
617 2797 721 2882 ipsius
753 2795 884 2861 abbatis
916 2796 1005 2881 apud
1038 2795 1307 2861 Malmesburiam
1340 2797 1380 2861 de
1415 2796 1520 2860 tribus

469 2898 662 2983 septimanis
688 2899 724 2961 in
751 2902 818 2962 tres
850 2899 1058 2982 septimanas.
1106 2898 1160 2962 Ita
1190 2899 1278 2983 quod
1311 2899 1520 2984 quamplures

470 3001 720 3087 praedecessores
754 3001 805 3064 sui
837 2999 960 3085 pluries
993 3000 1179 3065 extiterunt
1211 3001 1247 3064 in
1283 3022 1426 3085 seysyna
1448 3021 1519 3065 cus-

469 3103 568 3168 todiae
590 3108 832 3166 antecessorum
864 3101 1016 3194 praedicti
1037 3102 1060 3166 J
1062 3101 1211 3179 ohannis,
1232 3101 1411 3166 dummodo
1434 3103 1521 3166 infra

469 3211 601 3270 aetatem
630 3205 776 3282 fuerunt,
799 3209 833 3267 et
859 3203 982 3288 pluries
1012 3214 1171 3289 ceperunt
1193 3204 1446 3290 praedecessores
1468 3206 1520 3269 sui

470 3306 510 3371 de
546 3305 804 3371 antecessoribus
837 3305 939 3389 ipsius
977 3304 1140 3370 Johannis
1178 3307 1373 3392 scutagium,
1407 3306 1520 3370 homa·

469 3409 561 3494 glum
584 3415 618 3472 et
642 3408 708 3474 aha
730 3408 879 3483 servicia,
902 3429 976 3492 quae
1000 3407 1044 3473 ad
1066 3408 1243 3473 servicium
1268 3408 1413 3473 militare
1445 3430 1519 3494 per-

471 3512 589 3577 tinent.
652 3511 696 3574 Et
719 3511 890 3575 Johcnnes
913 3510 996 3575 dicit
1027 3510 1116 3595 quod
1146 3511 1325 3596 praedictus
1348 3511 1520 3575 Johannes

470 3612 599 3700 Comyn
622 3620 717 3700 pater
740 3635 819 3677 suus
841 3635 909 3677 non
933 3613 1042 3677 tenuit
1076 3614 1236 3698 praedicta
1258 3619 1448 3678 tenemento
1478 3612 1520 3676 de

468 3717 625 3802 predicto
647 3717 767 3781 abbate
793 3737 854 3780 nec
885 3715 1125 3781 successoribus
1149 3717 1216 3780 suis
1251 3739 1309 3801 per
1343 3715 1520 3780 servicium

468 3819 620 3897 militare,
643 3819 744 3883 immo
762 3839 825 3903 per·
843 3818 1017 3905 socagium.
1058 3817 1145 3898 Quia
1168 3817 1250 3883 dicit
1273 3819 1361 3903 quod
1385 3817 1520 3903 quidam

469 3923 632 3987 Robertus
668 3921 770 3986 abbas
812 3919 852 3984 dc
885 3919 1127 3998 Molmesburia,
1162 3920 1379 4006 praedecessor
1416 3919 1521 4005 ipsius

467 4025 605 4100 abbatis,
629 4029 663 4088 et
686 4023 831 4108 ejusdem
866 4022 929 4087 loci
963 4027 1154 4100 conventus,
1189 4028 1419 4088 concesserunt
1449 4022 1519 4086 cui-

468 4125 544 4190 dam
575 4125 721 4190 Jchanni
745 4125 813 4189 filio
835 4123 1022 4210 Anseliny¹
1047 4130 1153 4189 totam
1185 4123 1295 4189 villam
1331 4125 1371 4188 de
1397 4124 1429 4188 N
1429 4145 1521 4209 ywe-

469 4227 544 4292 bold
569 4234 603 4292 et
625 4249 725 4292 unam
757 4226 882 4312 hydam
918 4233 1013 4292 torrae
1048 4227 1084 4291 in
1107 4226 1272 4292 Waleoote
1303 4226 1404 4311 juxta
1436 4225 1522 4289 Mal·

467 4332 676 4408 mcsbuvian1‚
699 4331 859 4395 tenendas
883 4331 923 4395 de
946 4331 1104 4416 praedicto
1127 4329 1247 4396 abbate
1270 4334 1305 4395 et
1328 4329 1522 4394 successori-

467 4437 528 4500 bus
551 4436 619 4500 suis
649 4434 750 4499 libere
773 4439 807 4498 et
840 4435 959 4520 quiete,
984 4455 1042 4519 pro
1065 4435 1155 4498 omni
1187 4433 1327 4498 servicio
1350 4431 1519 4498 reddendo

466 4540 543 4604 inde
566 4537 738 4604 aunuatim
771 4536 1013 4622 quinquaginta
1046 4535 1176 4613 solidos,
1211 4535 1346 4612 scilicet,
1379 4535 1522 4620 quadra-

472 4700 901 4711 ————--.-.--——----.--.
925 4699 1075 4706 ..ψ

787 4787 796 4819 ¹
814 4784 949 4850 Arcadio]
964 4783 1096 4850 Anteliny,
1107 4784 1133 4835 in
1144 4784 1200 4835 roll.
