3526 5810
427 799 493 864 312
678 811 876 864 nnosmuu
899 811 1221 864 mmmnunmnsn

785 1108 869 1176 ΟΔΡ.
896 1106 1140 1176 ccccxxxl.

431 1259 536 1328 Ocelo
557 1259 687 1341 obbatis
710 1267 740 1326 ot
770 1267 951 1326 cooomdus
985 1259 1239 1326 Molmosbure'oe
1263 1259 1362 1346 facto
1385 1256 1487 1324 dictis

657 1359 849 1447 Wymumio
872 1369 902 1427 cl
924 1360 1056 1428 Aeacius
1078 1359 1247 1428 nabeoth.

263 1525 386 1580 Grantof
476 1513 638 1579 Omnibus
670 1512 797 1580 chusai
820 1512 973 1578 fidelibus
1003 1533 1148 1599 praescns
1182 1511 1343 1598 scriplum
1366 1512 1488 1578 visuris

261 1597 385 1724 ffiffi‘
431 1616 485 1680 vol
508 1615 682 1692 audituris,
705 1614 892 1680 Willelmus
915 1614 979 1680 Dei
1010 1614 1121 1702 glatie
1154 1615 1257 1680 abbas
1287 1613 1488 1680 Malmesbu·

262 1729 305 1778 the
318 1729 401 1790 abbey
431 1718 488 1783 riae
503 1723 538 1783 cl
561 1717 707 1804 ejusdem
730 1717 793 1782 loci
816 1721 1008 1794 conventus,
1030 1716 1171 1782 salutem
1194 1721 1353 1802 aetcznam
1369 1716 1406 1779 in
1420 1716 1487 1781 Do-

260 1793 377 1922 fflss„
431 1821 529 1888 mino.
576 1819 720 1888 Noverit
745 1819 946 1888 univemitas
969 1824 1082 1888 vestra
1102 1819 1192 1906 quod
1224 1840 1300 1886 cum
1333 1817 1487 1884 Wimun-

262 1925 366 1977 forlise·
431 1921 493 1986 dus
516 1921 557 1986 do
581 1920 766 2008 Coubrigge
790 1925 824 1986 et
846 1920 965 1987 Avicia
987 1941 1073 1988 uxor
1095 1921 1166 2006 ejus
1181 1919 1278 1986 nobis
1293 1919 1487 1996 remiserint,

261 2019 281 2068 f.
295 2022 352 2069 2⁸¹·
432 2028 466 2088 el
488 2023 638 2109 quietum
670 2023 887 2089 clamaverint
916 2028 1023 2090 totam
1057 2028 1181 2089 temam
1213 2045 1288 2108 quae
1320 2021 1487 2108 ptaediclae

431 2125 558 2192 Aviciae
593 2126 691 2191 ocssil
727 2125 764 2190 in
800 2124 1021 2192 hereditatem
1055 2145 1114 2212 per
1155 2129 1295 2190 mortem
1329 2122 1487 2188 Herberti

432 2227 577 2294 Nobelot
598 2227 703 2313 patris
726 2227 779 2292 sui
801 2227 838 2291 in
853 2227 937 2292 villa
958 2228 1000 2292 de
1016 2227 1233 2312 Hakynlone,
1252 2231 1352 2312 prout
1375 2225 1488 2311 quieta

432 2329 611 2396 clamantia
647 2329 743 2394 nobis
775 2329 852 2394 inde
891 2329 1039 2396 confecia
1076 2329 1207 2415 plenius
1245 2333 1397 2406 testatur,
1429 2348 1488 2392 nos

432 2433 530 2519 plena
552 2437 587 2498 el
608 2431 744 2516 pacifica
766 2431 882 2496 habita
904 2431 981 2496 inde
1004 2432 1133 2508 seisina,
1157 2454 1215 2518 per
1229 2453 1374 2517 praesens
1389 2431 1488 2516 scrin

432 2542 506 2601 tum
529 2533 747 2600 concessimus
770 2534 892 2598 eisdem
916 2533 1108 2618 Wymundo
1132 2539 1167 2599 el
1188 2533 1316 2599 Aviciae
1351 2531 1487 2598 eandem

433 2643 555 2702 terram
579 2658 653 2703 cum
676 2636 829 2702 omnibus
852 2637 1065 2721 pertinentiis
1088 2637 1165 2714 auio,
1189 2657 1256 2702 una
1290 2657 1366 2702 cum
1401 2640 1489 2701 terra

433 2738 492 2803 illa
514 2760 614 2823 quam
638 2737 823 2804 Willelmus
845 2737 935 2802 filius
957 2738 1122 2804 dictorum
1145 2737 1329 2824 Wymundi
1352 2742 1388 2803 el
1409 2737 1489 2802 Avi-

433 2841 493 2906 ciae
526 2841 645 2906 habuit
677 2862 720 2906 ex
743 2841 829 2906 douo
852 2839 1015 2907 Johannis
1040 2841 1185 2906 Nobelol
1208 2845 1241 2906 et
1268 2839 1403 2906 Rioardi
1425 2839 1489 2904 fra-

435 2943 495 3006 tris
510 2943 561 3006 sui
577 2942 613 3006 in
629 2943 743 3008 eadem
758 2942 849 3020 villa,
865 2964 940 3010 cum
956 2942 1118 3020 domibus,
1130 2941 1336 3029 curtillagiis,
1346 2947 1381 3008 el
1396 2943 1490 3008 croff·

435 3045 480 3109 tis
504 3046 547 3110 ad
570 3046 763 3132 praedictam
787 3051 908 3110 ferram
932 3047 1188 3131 pertinentibus,
1209 3050 1310 3131 proul
1325 3051 1426 3112 carlae
1451 3046 1490 3111 de

435 3148 595 3233 praedicta
618 3153 707 3212 terra
732 3147 890 3212 confeotae
923 3147 1055 3232 plenius
1087 3153 1262 3213 testantur.
1310 3149 1490 3214 Habendos

435 3254 470 3313 et
493 3250 652 3314 tenendos
674 3250 848 3336 pmedictas
879 3255 983 3315 terras
1006 3271 1081 3316 oum
1111 3249 1272 3328 domibus,
1295 3250 1491 3338 curtillngiis

436 3357 471 3416 et
493 3351 614 3429 croilis,
638 3357 672 3417 el
695 3352 849 3417 omnibus
879 3352 955 3417 aliis
977 3353 1190 3438 pertinenciis
1222 3353 1300 3432 suis,
1323 3353 1490 3440 praedictis

437 3453 629 3539 Wymundo
644 3459 679 3519 el
693 3454 821 3520 Aviciae
837 3453 989 3520 omnibus
1008 3454 1125 3520 diebus
1140 3456 1221 3521 vitae
1244 3477 1365 3522 eorum.
1405 3456 1490 3522 Rcd-

437 3555 545 3621 dendo
567 3556 645 3620 inde
675 3557 849 3621 annuatim
872 3556 968 3621 nobis
999 3557 1035 3621 in
1069 3557 1153 3624 sosio
1181 3557 1297 3624 Sancli
1320 3557 1491 3624 Michaelis

437 3662 505 3722 ires
527 3657 649 3722 solidos
672 3662 705 3722 et
729 3662 873 3743 quatuor
894 3657 1053 3736 denarios,
1077 3664 1112 3724 et
1142 3659 1183 3724 de
1213 3659 1493 3726 hundredeselver

438 3759 520 3824 duos
554 3758 713 3825 denarios.
759 3758 915 3826 Pnedicti
946 3781 1025 3826 vero
1048 3759 1261 3848 Wymundus
1295 3767 1330 3828 et
1364 3763 1492 3840 Avioia,

438 3862 551 3927 domos
574 3883 648 3947 quae
670 3860 809 3927 fuerunt
838 3861 1070 3949 praedictorum
1102 3861 1266 3930 dohannis
1290 3861 1436 3930 Nobelot
1458 3869 1493 3930 el

438 3963 572 4029 Ricardi
604 3963 715 4029 neers
753 3963 813 4042 sui,
837 3983 912 4030 cum
946 3965 1045 4031 domo
1079 3987 1154 4051 quae
1192 3965 1291 4033 cessit
1324 3966 1492 4052 praediclae

439 4065 576 4142 Aviciae,
599 4065 815 4131 sustinebunt
844 4065 880 4130 in
903 4066 1017 4132 eodem
1041 4071 1132 4132 statu
1156 4089 1221 4154 quo
1247 4068 1338 4153 ipsas
1363 4088 1493 4154 recepe·

440 4173 520 4232 runb
550 4167 604 4232 vel
635 4167 771 4246 meliori,
794 4189 855 4234 neo
889 4167 989 4234 liceat
1022 4168 1190 4256 praediolis
1213 4167 1407 4255 Wymundo
1438 4168 1492 4234 vel

439 4269 567 4334 Aviciae
589 4268 782 4354 praediclam
805 4275 928 4336 lenam
951 4269 1007 4335 vel
1024 4271 1170 4356 aliquam
1194 4272 1265 4358 ejus
1288 4275 1418 4357 partem
1433 4271 1492 4335 ali-

440 4371 493 4438 cui
509 4371 587 4436 darc
597 4371 651 4435 vel
666 4373 818 4450 vendere,
834 4372 1015 4450 invadiare,
1031 4371 1085 4437 vel
1100 4372 1212 4458 aliquo
1227 4373 1324 4438 modo
1339 4371 1493 4450 alienam,

440 4475 511 4540 sine
540 4495 675 4541 assensu
705 4479 740 4539 el
771 4475 945 4541 voluntale
978 4480 1100 4541 nostra,
1158 4475 1255 4556 Quod
1288 4476 1316 4540 si
1346 4475 1494 4556 fecerint,

440 4577 539 4644 liceat
571 4576 667 4642 nobis
690 4575 917 4643 molendinum
948 4577 988 4643 de
1013 4577 1209 4666 Ooubrigge,
1232 4599 1307 4644 cum
1330 4577 1400 4642 suis
1422 4599 1494 4664 per·

440 4681 599 4758 tinenliis,
627 4681 661 4743 in
695 4701 812 4745 manus
843 4686 971 4748 nostras
1005 4702 1129 4768 capere,
1153 4687 1188 4748 et
1221 4681 1262 4746 de
1285 4682 1400 4748 eodem
1434 4703 1494 4768 pro
