3578 5808
511 905 710 957 nnenrenn
733 903 1058 956 mnnenorunran.
1270 891 1313 963 97

255 1119 404 1166 aerarum
436 1119 538 1166 unam
572 1099 609 1163 in
632 1097 831 1165 Medeerofte
860 1095 1067 1185 proximiue²
1098 1097 1187 1164 dioto
1221 1102 1313 1164 tene·

255 1208 377 1282 mento,
414 1208 449 1269 et
482 1207 674 1268 tenemento
705 1197 873 1286 Nioholay
903 1198 1072 1288 Tingtorie
1106 1200 1205 1287 jedei,
1235 1221 1312 1268 aum

255 1306 354 1370 tertia
390 1310 484 1392 parto
522 1305 621 1370 unius
651 1303 781 1382 oroftee,
816 1324 892 1389 quoe
930 1302 1053 1370 dieitur
1095 1301 1311 1390 Brodeorofte,

250 1410 381 1495 jacente
403 1409 588 1495 proximius
616 1408 689 1487 viae,
713 1427 881 1493 unamque
905 1405 1077 1472 dimidiam
1100 1427 1209 1473 aeram
1235 1427 1312 1474 oon-

254 1517 389 1583 tinente.
437 1515 523 1582 Itom
550 1535 619 1582 una
651 1515 791 1581 dimidia
824 1533 902 1581 aera
923 1514 960 1578 in
983 1513 1191 1581 Ludeoombe
1221 1515 1312 1600 jacet

254 1619 362 1684 media
383 1620 472 1684 inter
494 1623 617 1684 terram
640 1617 768 1684 Methei
793 1617 978 1684 Mareeoalli
1009 1622 1044 1683 et
1075 1621 1199 1684 terram
1229 1619 1311 1684 dieti

254 1721 414 1788 Nioholai.
463 1722 508 1787 Et
530 1739 599 1787 une
621 1720 761 1786 dimidia
782 1740 859 1788 aera
881 1721 971 1807 apud
994 1719 1112 1800 fureas,
1144 1741 1220 1788 oum
1242 1741 1310 1788 uno

252 1825 437 1903 femedello,
457 1826 560 1911 juxta
581 1825 674 1916 viam
698 1824 739 1890 de
762 1823 894 1910 Aewyk
914 1823 1056 1910 jacente.
1103 1823 1149 1888 Et
1170 1843 1238 1890 una
1261 1823 1312 1888 di·

253 1927 355 1993 midia
370 1947 445 1994 aera
460 1928 503 1994 ad
518 1927 629 1994 albam
652 1947 781 1994 oruoem
801 1927 899 2012 jacet,
916 1929 951 1992 et
973 1932 1024 1992 est
1046 1931 1136 1993 terra
1150 1925 1311 2013 capitalis,

252 2053 326 2096 oum
349 2051 416 2097 una
431 2051 506 2098 aera
526 2031 622 2097 Mete
645 2051 729 2097 noro
751 2034 950 2117 nuncupata.
987 2028 1074 2094 Item
1097 2051 1196 2116 super
1211 2029 1310 2095 Olde-

251 2133 335 2200 done
358 2155 426 2200 una
455 2155 531 2200 aere
561 2133 663 2221 juxta
693 2138 816 2200 terram
839 2133 1006 2218 quondam
1029 2132 1113 2198 Adae
1136 2131 1309 2218 Yngrdier,

250 2257 325 2302 oum
348 2236 448 2302 tertia
469 2241 565 2323 parte
588 2235 688 2301 nniue
711 2255 795 2302 aoree
817 2235 941 2301 ibidem
964 2235 1000 2299 in
1034 2240 1124 2301 terre
1146 2235 1309 2303 dictorum

250 2338 376 2404 Mathei
392 2345 426 2404 et
442 2338 597 2406 Nioholai
615 2339 755 2424 jacente.
792 2336 878 2403 Item
900 2359 969 2403 una
982 2355 1059 2404 aera
1079 2338 1116 2402 in
1131 2336 1308 2425 Lorrpefor-

252 2441 331 2528 loop
349 2443 439 2528 jacet
461 2443 549 2507 inter
571 2447 697 2508 terrem
720 2440 880 2507 WiHelmi
897 2440 1113 2507 Wodewardo
1129 2446 1164 2506 et
1185 2447 1431 2508 tenemeeoob.

251 2545 384 2611 Ricardi
416 2544 447 2610 le
475 2544 574 2631 Wyt',
598 2567 675 2611 oum
710 2545 811 2610 tertia
842 2549 936 2631 parte
970 2544 1070 2608 nnius
1101 2564 1185 2610 aorae
1219 2545 1309 2632 apud

252 2645 542 2732 Orokemnoteweye
564 2645 749 2733 proximius
769 2647 834 2712 viee
853 2646 994 2732 jacente.
1041 2645 1087 2714 Et
1109 2647 1208 2712 etiam
1233 2669 1308 2713 eum

249 2749 348 2815 tertia
376 2751 471 2834 perte
495 2749 594 2814 unius
625 2769 709 2814 aerae
732 2748 822 2836 apud
856 2747 950 2814 Slod'
977 2767 1059 2826 acra,
1083 2748 1193 2816 media
1222 2748 1310 2816 inter

250 2857 372 2918 terram
393 2851 556 2918 dictorum
573 2849 701 2917 Methei
716 2857 751 2917 et
774 2849 938 2918 Nioholei.
971 2849 1058 2918 Item
1080 2874 1150 2919 una
1172 2853 1310 2920 dimidia

248 2975 324 3022 aera
341 2955 432 3041 apud
448 2953 616 3041 Medheng
633 2954 724 3040 janot
738 2954 827 3020 inter
849 2958 971 3020 terrem
987 2955 1165 3022 eorundem
1180 2955 1309 3023 Mathei

250 3061 285 3124 et
304 3046 471 3134 Nicholai,
494 3077 569 3122 oum
600 3057 701 3122 tertia
726 3059 821 3142 parte
854 3055 954 3120 unius
986 3075 1071 3124 aerae
1092 3057 1183 3144 apud
1204 3059 1309 3146 Ropo-
1433 3065 1439 3076 “

249 3159 411 3254 oppll't'op
432 3157 444 3197 ¹
456 3159 597 3246 jaoente,
627 3161 716 3226 inter
745 3165 867 3226 terram
902 3160 1081 3226 eorundem
1112 3155 1240 3229 Mathei
1273 3170 1307 3229 et

248 3263 410 3341 Nioholei,
429 3283 570 3348 eumque
592 3262 693 3328 tertia
715 3267 808 3349 parte
832 3263 932 3328 unius
953 3285 1065 3350 gravae
1088 3285 1163 3350 quar
1186 3265 1308 3332 dieitur

247 3365 479 3452 Pereieeprooe
488 3391 501 3446 ;
525 3365 678 3431 habende
700 3365 776 3451 jure
810 3365 1018 3445 hereditarie,
1045 3389 1120 3433 oum
1153 3368 1306 3434 omnibus

246 3469 456 3556 pertinentiis
478 3469 554 3546 suia,
570 3474 605 3535 et
626 3468 771 3536 tenenda
789 3468 878 3536 dioto
896 3467 1049 3547 Roberto,
1065 3475 1100 3536 et
1122 3471 1190 3536 suia
1213 3469 1306 3538 here·

246 3573 344 3639 dibue
365 3572 421 3640 vel
443 3571 628 3658 assignatie,
651 3572 692 3636 de
722 3593 774 3636 me
805 3577 840 3638 et
871 3573 953 3638 meie
986 3571 1170 3652 heredibus,
1193 3574 1304 3653 libere,

244 3676 365 3762 quiete,
388 3677 480 3752 bene,
503 3676 640 3762 integre,
663 3675 807 3760 pacifice,
830 3681 865 3741 et
894 3675 1093 3742 hereditaria
1119 3682 1155 3742 et
1183 3677 1303 3764 imper-

243 3786 403 3866 petuum:
427 3778 608 3843 Reddendo
631 3778 709 3843 inde
730 3779 905 3844 annuatim
929 3779 1061 3845 domino
1084 3779 1199 3846 abbati
1218 3779 1301 3847 Mal·

242 3881 420 3948 mesburiae
452 3881 534 3946 duos
570 3881 720 3947 denarios
752 3883 795 3948 ad
827 3882 949 3948 festum
984 3881 1100 3949 Sancti
1122 3883 1301 3964 Michaelis,

240 3987 314 4072 ipse
337 3989 372 4050 et
394 3983 465 4070 ejus
488 3983 623 4049 heredes
646 3983 700 4049 vol
723 3985 884 4072 designati
906 3983 990 4049 mihi
1012 3991 1048 4050 et
1069 3985 1152 4052 meis
1175 3987 1302 4053 heredi·

241 4087 307 4152 bue
322 4107 428 4152 unum
443 4085 616 4151 denarium
631 4086 675 4152 ed
692 4085 994 4154 Annuneietionem
1009 4088 1226 4169 Dominieam
1242 4113 1301 4177 pro

240 4189 337 4256 omni
361 4189 534 4255 exactione
557 4189 706 4267 seculari,
728 4190 876 4268 servicio,
900 4191 998 4258 eectie
1020 4192 1207 4272 curialibus,
1223 4216 1301 4279 que-

237 4293 329 4369 relis,
352 4291 496 4368 auxiliis,
519 4291 716 4358 omnimodis
739 4293 918 4372 demendis,
942 4316 995 4359 me
1026 4294 1104 4360 inde
1126 4294 1181 4362 vel
1212 4317 1301 4362 meos

235 4394 379 4460 heredes
417 4394 696 4482 contingentibus,
735 4395 828 4462 ealvo
861 4401 994 4464 tantum
1029 4397 1167 4464 servicio
1198 4399 1302 4486 regali

234 4497 302 4564 tali
338 4501 527 4563 tenemento
558 4502 593 4563 et
626 4502 723 4564 terrae
756 4503 860 4565 tentae
891 4499 979 4566 feodi
1012 4501 1167 4586 ejusdem,
1199 4505 1235 4567 et
1264 4502 1301 4566 in

232 4599 326 4667 villa
347 4599 471 4680 eadem,
493 4599 688 4685 pertinente.
736 4601 806 4688 Ego
829 4607 940 4668 autern
963 4601 1122 4690 Margiria
1151 4609 1187 4669 ot
1207 4603 1302 4670 here·

685 4847 693 4881 ¹
714 4849 755 4902 sic
768 4849 794 4902 in
805 4849 864 4902 MS.

328 4927 406 4984 Neo.
1144 4953 1166 5003 G
