3524 5808
674 889 851 939 urrunnu<
876 891 897 939 1.
1249 875 1314 941 383

262 1077 344 1144 bant
366 1100 386 1144 a
409 1077 503 1143 nobis
520 1077 655 1164 quidam
672 1078 713 1142 de
729 1077 887 1143 fratribus
901 1077 1031 1154 nostris,
1048 1077 1166 1142 humili
1182 1100 1315 1165 sugges·

264 1181 352 1245 tione
375 1185 415 1245 ut
430 1180 492 1244 sub
515 1181 645 1244 unitate
661 1180 809 1246 caritatis
825 1185 859 1244 et
871 1179 960 1264 pacis
976 1179 1159 1244 Psalmistae
1172 1201 1315 1266 praecep·

263 1287 334 1346 tum
346 1282 382 1345 in
394 1281 455 1347 hac
468 1287 561 1368 parte
573 1286 708 1366 possent
720 1281 854 1354 imitari,
868 1302 926 1366 per
938 1302 1035 1365 quem
1048 1281 1187 1360 dicitur;
1203 1289 1220 1315 “
1232 1281 1314 1346 Bea-

263 1393 279 1418 “
296 1383 423 1469 tresque?
435 1383 632 1448 'inhabitare
642 1382 731 1468 facit
743 1383 809 1446 om
816 1405 853 1446 us
863 1383 969 1447 creeris
980 1383 1017 1445 in
1037 1383 1159 1462 dorrro;
1173 1384 1188 1408 '¹
1198 1406 1258 1450 nos
1273 1385 1316 1450 ad

264 1485 476 1572 opprobrium
499 1486 678 1550 murmuris
699 1485 739 1549 de
763 1507 860 1571 grege
884 1485 1047 1549 dominico
1070 1487 1203 1571 penitus
1226 1487 1315 1552 aufe·

264 1588 400 1653 rendum
432 1594 467 1652 et
504 1587 749 1674 extirpandum,
789 1577 1006 1672 petitionibus
1038 1609 1150 1652 eorum
1184 1596 1316 1674 gratum

263 1691 442 1755 seeundum
465 1689 574 1755 Deum
607 1690 835 1775 impartientes
869 1710 1047 1766 assensum,
1082 1712 1123 1754 ex
1161 1690 1316 1754 uniformi

265 1791 437 1856 voluntate
465 1796 499 1856 et
533 1790 707 1856 concordia
738 1789 877 1855 fratrum
901 1795 1088 1855 nostrorum
1111 1793 1316 1877 providimus

262 1885 298 1959 et
313 1894 491 1958 statuimus
506 1892 665 1977 quosdam
688 1891 844 1956 articulos
866 1913 926 1977 pro
942 1897 1033 1956 statu
1051 1893 1158 1971 dietas,
1181 1895 1315 1960 refecto·

264 1997 313 2073 rii,
337 1995 576 2072 misericordiae,
606 2001 641 2059 et
671 1994 882 2070 infirmitorii,
913 1993 975 2058 sub
999 1995 1176 2060 offensione
1208 1997 1317 2061 divini

261 2097 378 2182 judieii
411 2103 571 2182 perpetuo
594 2097 682 2161 inter
704 2097 825 2162 fratres
850 2097 1150 2163 Malmesburiensis
1173 2100 1316 2166 ecclesiae

265 2198 535 2284 irrefragabiliter
559 2197 789 2277 observandos,
812 2199 876 2262 nisi
901 2198 1020 2284 aliquis
1043 2200 1200 2286 praelatus
1222 2203 1317 2267 nobis

265 2300 440 2366 succedens
485 2321 544 2385 pro
579 2299 648 2364 zelo
683 2299 851 2385 religionis
883 2304 1008 2365 statum
1045 2304 1251 2386 praemissum
1276 2305 1316 2369 de

264 2404 350 2468 bono
374 2402 409 2466 in
433 2401 550 2466 melius
581 2401 764 2467 decreverit
797 2408 1018 2486 augmentare.
1066 2403 1110 2468 Et
1142 2411 1192 2470 est
1223 2411 1318 2470 tenor

265 2504 478 2571 articulorum
500 2504 771 2588 subsequentium
806 2505 888 2581 iste;
912 2504 1076 2581 videlicet,
1102 2507 1188 2591 quod
1224 2510 1324 2575 omni.

266 2614 412 2693 tempore
435 2607 516 2671 anni
546 2627 611 2691 quo
634 2605 788 2670 carnibus
815 2605 901 2668 vesci
935 2605 1020 2681 lieet,
1044 2607 1204 2674 medietas
1238 2632 1314 2676 con-

266 2717 385 2776 ventus
408 2732 475 2775 uno
498 2709 551 2774 die
574 2709 701 2773 reliciat
724 2709 759 2772 in
794 2709 1025 2786 misericordia,
1058 2716 1092 2774 et
1123 2711 1227 2777 altero
1261 2714 1315 2780 die

265 2815 330 2880 alia
352 2814 512 2879 medietas
535 2813 571 2876 in
594 2811 786 2888 refectorio;
809 2817 930 2896 praeter
953 2834 1006 2877 eos
1030 2814 1088 2898 qui
1110 2815 1153 2879 ad
1169 2837 1314 2884 mensam

265 2916 395 2981 abbatis
427 2918 508 2978 sunt
530 2913 681 2990 vocandi,
705 2917 739 2978 et
762 2919 884 3000 praeter
915 2916 1050 3000 eosqui
1083 2937 1142 3001 pro
1177 2917 1316 2983 infirmi·

266 3025 335 3084 tate
367 3023 427 3082 aut
461 3016 635 3080 debilitate
669 3021 749 3080 sunt
777 3015 812 3079 in
835 3014 1045 3081 infirmitorio
1068 3027 1314 3087 commorantes.

266 3121 338 3186 Hoc
361 3120 534 3184 observato
557 3117 646 3202 quod
670 3139 798 3203 semper
821 3120 911 3182 omni
946 3120 1133 3186 refectionis
1169 3129 1315 3210 tempore

264 3221 436 3287 tresdecim
460 3219 613 3284 monaehi
636 3219 705 3283 sint
728 3220 764 3283 in
788 3219 960 3284 refectorio
992 3221 1036 3286 ad
1070 3223 1248 3308 prandium
1272 3225 1315 3291 ad

265 3325 392 3402 minus;
413 3327 447 3387 et
462 3322 550 3406 quod
564 3320 676 3384 nullus
693 3321 873 3386 monachus
888 3322 1017 3388 duobus
1032 3323 1148 3390 diebus
1163 3327 1317 3412 conjunc·

265 3428 327 3492 tim
345 3447 421 3490 cum
445 3425 561 3512 priore,
577 3445 637 3489 nec
653 3444 727 3488 cum
751 3424 928 3508 subpriore,
945 3447 1095 3492 naccum
1120 3449 1399 3516 quocunquaf,13,

265 3529 338 3606 alio,
355 3529 392 3592 in
407 3525 627 3592 misericordia
643 3525 796 3590 carnibus
812 3533 970 3592 vescatur.
1017 3527 1083 3594 Sed
1106 3529 1134 3593 si
1150 3531 1239 3615 prior
1262 3532 1316 3597 vel

266 3632 463 3716 quicumque
493 3627 579 3693 alius
603 3627 742 3692 fratrem
769 3626 914 3712 aliquem
948 3631 1124 3708 vocaverit,
1149 3632 1252 3698 nichil
1275 3635 1315 3701 dc

266 3733 347 3800 cibis
381 3730 546 3796 refectorii
580 3729 743 3815 percipiat
774 3729 845 3814 ipso
891 3729 951 3804 dic,
987 3736 1022 3794 et
1053 3733 1089 3796 in
1121 3735 1265 3800 crastino
1297 3761 1317 3803 a

266 3833 494 3900 misericordiae
518 3831 693 3896 refectione
716 3836 893 3915 separetur,
919 3835 957 3894 ut
980 3832 1183 3919 frequentius
1206 3837 1317 3903 fratri-

265 3939 326 4004 bus
371 3935 447 4002 aliis
478 3935 514 3998 in
546 3934 660 3999 eadem
694 3933 804 4018 gratia
837 3933 935 3998 detur
966 3933 1064 4002 locus.
1108 3936 1204 4003 Prior
1237 3961 1315 4006 vero

265 4063 338 4104 cum
362 4039 398 4102 in
432 4036 654 4101 misericordia
677 4034 864 4110 comederit,
896 4036 1058 4121 percipiat
1092 4039 1128 4103 in
1162 4042 1315 4108 omnibus

265 4145 351 4207 sieut
374 4142 439 4205 duo
462 4137 623 4214 monachi,
646 4136 798 4222 subprior
829 4143 864 4201 ct
896 4138 1016 4232 tertius
1038 4141 1128 4224 prior
1159 4143 1195 4207 in
1218 4146 1315 4212 mise·

264 4244 411 4319 ricordia,
434 4240 551 4308 ceteris
585 4239 681 4304 sociis
713 4239 748 4302 in
781 4238 934 4304 omnibus
972 4241 1041 4305 sint
1073 4245 1224 4328 aequales.
1272 4249 1316 4314 Et

264 4347 462 4433 quicumque
484 4341 664 4428 praesidens
687 4340 790 4405 fuerit
823 4340 859 4404 in
894 4349 1069 4420 conventu,
1101 4345 1138 4410 in
1162 4351 1314 4418 omnibus

265 4448 424 4536 pereipiat
446 4445 533 4510 sicut
555 4465 683 4530 semper
705 4443 870 4528 percipere
893 4447 1074 4512 consucvit.
1120 4449 1316 4520 Reficientes

264 4551 300 4614 in
322 4547 545 4614 misericordia
568 4546 608 4610 de
632 4546 740 4609 tribus
763 4545 913 4609 cursibus
936 4548 1126 4612 serviantur
1147 4551 1190 4614 ad
1218 4573 1315 4636 pran.

266 4653 367 4729 dium,
390 4655 425 4716 et
447 4649 490 4714 ad
510 4669 638 4715 coenam
662 4648 702 4712 de
725 4667 791 4712 uno
814 4669 920 4713 cursu.
969 4647 1014 4713 Et
1036 4651 1115 4734 quia
1137 4655 1318 4722 secundum

264 4753 412 4841 regulam
452 4752 566 4819 Sancti
600 4749 773 4818 Benedicti
806 4750 966 4820 fratribus
1001 4751 1178 4821 edentibus
1218 4755 1316 4830 lectio
