3578 5808
439 863 481 931 24
691 883 890 936 nmmrnuu
913 885 1238 940 umunenusrnssn.

434 1073 454 1106 “
477 1069 614 1138 Komele
649 1074 685 1137 et
715 1069 945 1162 Ohoellewrpe,
977 1076 1066 1141 unde
1114 1073 1274 1160 pinsitum
1304 1074 1371 1142 fuit
1399 1074 1487 1140 inter

437 1180 454 1208 “
476 1173 646 1239 dominum
678 1173 859 1242 Robertum
893 1176 1046 1244 abbatem
1085 1176 1335 1255 Malmesburioe,
1361 1181 1396 1242 et
1424 1176 1489 1241 Mi-

441 1282 458 1308 “
480 1274 588 1340 Ionem
611 1277 653 1342 de
675 1275 788 1356 Moris,
811 1283 846 1343 et
867 1277 978 1345 finalis
1002 1278 1175 1346 eonooniia
1196 1279 1286 1346 faeta
1308 1299 1366 1365 per
1387 1278 1488 1342 finem

441 1382 459 1412 ‘⁴
482 1375 585 1443 duelli
609 1378 759 1446 inauris
783 1380 909 1446 domini
933 1381 1019 1468 regis
1042 1380 1212 1448 Johannis.
1260 1380 1314 1448 Ita
1336 1380 1491 1446 videlieet

441 1488 459 1514 “
481 1480 570 1566 quod
593 1501 655 1549 neo
677 1503 746 1568 ego,
768 1482 822 1548 vel
847 1482 982 1550 heredes
1005 1483 1079 1562 mei,
1103 1483 1158 1550 vel
1180 1483 1308 1570 aliquis,
1332 1505 1374 1549 ex
1398 1487 1491 1569 parte

441 1589 458 1618 '⁶
479 1587 602 1662 nostra,
627 1583 754 1670 aliquid
782 1584 870 1671 juris
893 1585 930 1650 in
955 1586 1114 1672 praediota
1141 1590 1238 1664 terra,
1261 1585 1316 1652 vel
1347 1590 1491 1672 pastura,

441 1690 460 1720 ‘¹
482 1685 536 1752 vel
566 1686 776 1772 pertinentiis
805 1689 883 1767 suis,
906 1709 984 1755 naeu
1009 1687 1129 1775 aliquo,
1160 1688 1215 1754 vel
1244 1709 1343 1756 eausa
1372 1687 1492 1774 aliqua,

441 1795 459 1822 ‘¹
481 1788 523 1854 de
545 1793 663 1856 oaetero
692 1789 910 1877 calumpniari
938 1790 991 1856 vel
1015 1789 1190 1858 venditare
1221 1789 1410 1877 poterimus,
1435 1789 1492 1855 sed

441 1898 459 1925 “
481 1890 626 1977 gaudeat
652 1892 693 1958 de
716 1898 835 1959 oaetero
869 1893 1113 1979 imperpetuum
1136 1892 1226 1960 diota
1256 1892 1391 1960 eeclesia
1416 1891 1492 1978 jure

441 2001 459 2028 “
481 2015 541 2059 suo
564 1993 671 2061 eidem
694 1995 858 2074 restitute,
882 2001 917 2061 et
946 2017 1005 2082 per
1035 1999 1232 2082 prresentem
1261 2001 1387 2062 certem
1417 2015 1492 2061 oon-

442 2101 460 2130 “
482 2095 622 2175 firmate,
649 2096 733 2162 bene
753 2101 788 2162 et
812 2097 848 2161 in
872 2118 961 2183 peoe,
984 2097 1086 2162 libere
1109 2102 1145 2162 et
1164 2097 1284 2182 quiete,
1308 2096 1437 2182 integre
1457 2100 1492 2160 et

441 2205 457 2232 “
481 2197 636 2285 plenarie,
667 2199 709 2264 de
731 2204 820 2264 terra
842 2197 999 2264 videlieet
1021 2203 1056 2264 et
1086 2203 1223 2285 pastura
1245 2197 1303 2270 illa
1332 2198 1491 2284 preedieta

440 2309 457 2334 “
481 2301 572 2367 illam
594 2301 780 2380 exeolendo,
811 2299 930 2367 uelde
960 2321 1000 2367 ea
1030 2319 1089 2388 pro
1113 2302 1285 2368 voluntate
1309 2322 1370 2367 sua
1392 2301 1491 2366 libere

442 2411 458 2438 ‘¹
481 2403 693 2490 disponendo,
724 2404 834 2472 soluta
870 2410 905 2470 et
937 2404 1050 2490 quieta
1081 2404 1123 2470 de
1155 2427 1208 2469 me
1246 2409 1281 2470 et
1316 2402 1491 2469 heredibus

442 2513 457 2540 “
481 2505 562 2570 meis
585 2505 628 2572 ab
650 2505 740 2572 omni
756 2505 933 2572 vexatione
952 2511 987 2572 et
1009 2506 1250 2573 vendicatione.
1297 2504 1342 2570 Et
1366 2509 1405 2570 ut
1427 2504 1491 2570 ieta

440 2613 456 2642 ‘¹
480 2605 629 2673 remissio
659 2612 694 2672 et
715 2608 829 2693 quieta
858 2607 1014 2674 clamatio
1044 2608 1144 2674 robur
1165 2607 1360 2685 securitatis,
1386 2605 1492 2671 fideli·

440 2716 458 2744 “
480 2709 569 2788 tatis,
594 2714 629 2774 et
659 2711 893 2796 perpetuitatis
924 2712 1084 2798 optineat,
1106 2711 1193 2777 hano
1215 2715 1340 2777 cartam
1363 2708 1490 2775 dilectis

440 2821 458 2847 “
480 2811 595 2879 abbati
609 2818 644 2878 et
665 2815 844 2882 conventui
859 2814 992 2894 eonfeoi,
1008 2821 1043 2882 et
1058 2814 1167 2902 sigillo
1182 2835 1255 2880 meo
1276 2811 1489 2879 corroboravi.

441 2922 458 2948 ‘¹
481 2913 559 2980 Hiis
580 2913 729 2995 testibus,
745 2916 881 2982 domino
902 2915 1044 2982 Ricardo
1063 2915 1215 3002 episeopo
1236 2913 1364 2992 Serum,
1390 2913 1492 2980 domi·

441 3024 458 3052 “
481 3017 533 3082 nie
556 3017 701 3084 Henrioo
728 3022 762 3084 et
784 3017 932 3084 Waltero
955 3019 996 3084 de
1030 3018 1220 3084 Glouoestre
1242 3022 1279 3083 et
1301 3017 1342 3082 de
1366 3016 1491 3103 Cyren-

441 3128 459 3155 “
480 3125 584 3188 oestro
607 3120 795 3199 abbatibus,
817 3126 853 3186 et
874 3119 976 3188 eliis.'’
1020 3120 1118 3188 Hane
1140 3121 1245 3207 igitur
1259 3125 1384 3186 sartam
1407 3141 1489 3204 pree-

440 3223 597 3309 scriptam
620 3224 724 3310 patris
747 3223 812 3290 mei
837 3223 963 3290 divinae
978 3224 1199 3290 miserationis
1223 3223 1358 3300 intuitu,
1375 3227 1409 3288 et
1432 3244 1490 3307 pro

440 3324 547 3390 salute
579 3325 698 3392 animes
730 3347 811 3392 mene
850 3332 884 3392 et
923 3330 1164 3392 autecessorum
1199 3330 1234 3390 et
1272 3344 1491 3390 suceessorum

440 3447 596 3504 meorum,
626 3429 782 3514 praesenti
812 3434 905 3496 certa
936 3451 1011 3494 men
1044 3427 1145 3514 sigilli
1178 3427 1245 3492 mei
1279 3426 1490 3512 impressione

439 3529 594 3596 roborata
616 3531 815 3596 confirmavi.
858 3530 1034 3617 Manuoepi
1057 3529 1157 3596 etiarn
1183 3551 1242 3617 pro
1257 3529 1410 3596 omnibus
1433 3529 1491 3594 ho-

440 3631 586 3698 minibus
609 3631 711 3698 libere
733 3633 925 3700 tenentibus
948 3633 990 3700 de
1020 3634 1115 3700 feodo
1148 3654 1221 3700 meo
1247 3632 1289 3698 de
1320 3631 1491 3698 Wokeseie

440 3740 561 3821 praeter
585 3735 746 3821 quamde
769 3735 911 3802 Ricardo
934 3737 974 3801 de
1005 3735 1149 3814 Wokee’,
1181 3732 1299 3812 milite,
1330 3735 1418 3820 quod
1442 3733 1491 3798 nil

440 3839 504 3905 sibi
532 3838 618 3925 juris
656 3839 694 3904 in
723 3839 882 3925 praedieta
912 3844 1000 3905 terra
1030 3857 1237 3924 quacumque
1268 3836 1492 3904 vendicabunt

440 3963 547 4028 neque
569 3941 702 4008 nomine
725 3963 907 4010 eommunae
937 3947 1093 4026 pasturae,
1116 3963 1223 4027 neque
1246 3940 1314 4008 alia
1336 3961 1491 4027 quaeum-

440 4067 503 4130 que
526 4043 703 4112 oeensione.
742 4041 805 4110 Pro
827 4043 889 4110 huo
904 4049 1016 4110 autem
1039 4065 1112 4110 mea
1128 4043 1377 4110 confirmatione
1400 4041 1492 4108 dedit

439 4145 522 4212 mihi
548 4145 745 4212 venerabilis
769 4151 865 4232 pater
890 4145 921 4212 J.
949 4145 1051 4212 abbas
1079 4145 1331 4224 Malmesburiee,
1355 4150 1390 4211 et
1415 4166 1491 4212 eon-

438 4254 568 4328 ventus,
584 4249 695 4315 decem
710 4269 835 4315 mareas
858 4248 1122 4336 sterlinguorum.
1169 4247 1211 4312 In
1237 4248 1332 4334 eujus
1357 4247 1404 4312 rei
1428 4251 1491 4312 tes·

438 4351 616 4420 tim0nium
650 4357 684 4418 et
715 4351 894 4428 munimen,
926 4350 1005 4418 huie
1035 4352 1158 4437 seripto
1195 4349 1344 4436 sigillum
1381 4369 1490 4412 meum

436 4453 583 4541 apposui.
629 4451 706 4518 Hiis
729 4453 879 4531 testibus,
902 4453 1032 4540 Rogare
1057 4454 1099 4519 de
1123 4452 1334 4532 Daunteseie,
1351 4449 1492 4518 Ricardo

438 4557 479 4624 de
502 4555 684 4635 Wokeseie‚
708 4559 743 4622 et
764 4555 847 4624 aliis.
