3566 5820
550 917 747 966 ssmsrnun
771 917 1092 982 nnanrsnunrsusa.
1277 899 1341 969 207

297 1105 332 1167 et
367 1101 542 1168 heredibus
579 1103 661 1168 meis
699 1124 798 1168 ruram
834 1104 951 1169 libram
991 1105 1103 1169 cimini
1141 1105 1183 1170 ad
1221 1104 1342 1169 festum

298 1205 410 1270 Sancti
438 1205 614 1282 Michaelis,
635 1227 693 1292 pro
723 1206 810 1271 omni
835 1208 980 1283 servicio,
1004 1212 1093 1272 secta
1116 1213 1150 1272 et
1172 1208 1342 1285 demanda,

295 1330 421 1374 necnon
459 1321 519 1394 pro
557 1311 647 1374 omni
684 1309 821 1374 seculari
860 1309 1040 1387 exactione,
1076 1310 1167 1374 salvo
1205 1311 1342 1375 servicio

298 1411 422 1474 domini
449 1412 543 1497 regis,
567 1417 728 1496 quantum
763 1411 908 1496 pertinet
938 1413 981 1476 ad
1016 1412 1187 1477 dimidiam
1217 1411 1341 1497 hydam

294 1519 390 1577 tense
424 1513 460 1576 in
492 1513 605 1578 eodem
640 1518 834 1578 tenemento.
889 1513 959 1599 Ego
993 1514 1092 1578 etiam
1130 1513 1271 1578 Thomas
1309 1521 1343 1579 et

294 1616 430 1680 heredes
451 1617 516 1680 mei
548 1617 636 1681 dicto
659 1616 767 1692 Patre,
790 1615 844 1680 vel
877 1617 1071 1702 cuicumque
1106 1638 1176 1681 cam
1201 1618 1343 1682 voluerit

294 1719 469 1806 assignare,
506 1719 628 1784 dictam
669 1725 791 1784 terram
830 1741 904 1784 cum
943 1719 1095 1784 omnibus
1133 1718 1342 1784 libe1tatibus

294 1827 409 1887 contra
431 1843 542 1886 ornnes
573 1823 721 1887 homines
744 1828 778 1886 et
800 1823 938 1886 femmas
971 1845 1030 1908 per
1059 1822 1252 1906 pradictum
1277 1845 1342 1887 ser·

293 1924 417 1990 vicium
440 1925 728 1991 warantizabimus
751 1925 1002 2010 imperpetuum.
1050 1925 1113 1988 Pro
1146 1925 1207 1990 hac
1229 1929 1341 1990 autem

293 2027 478 2106 donatione,
502 2029 780 2104 warantizationc,
804 2033 838 2092 et
861 2033 959 2093 cartu
982 2049 1063 2091 mem
1085 2027 1340 2104 confirmatione,

294 2129 386 2194 dedit
408 2129 508 2195 michi
531 2130 709 2216 praedictus
732 2130 849 2196 Petrus
879 2151 939 2194 scx
962 2150 1087 2194 marcas
1122 2130 1250 2214 argenti
1274 2153 1341 2216 pree

294 2231 454 2296 manibus.
501 2231 546 2296 Et
568 2238 607 2296 ut
636 2231 708 2297 haee
730 2255 804 2298 mea
826 2233 968 2309 donatio,
992 2232 1163 2308 concessio,
1186 2237 1220 2296 et
1242 2232 1342 2316 hujus

292 2338 391 2399 cartas
413 2355 494 2398 mere
516 2333 721 2399 confirmatio
744 2340 778 2398 et
801 2334 1029 2399 warantizatio
1052 2339 1133 2399 ratae
1151 2339 1186 2398 et
1207 2334 1341 2399 stabiles

293 2437 536 2522 imperpetuum
558 2443 781 2522 permaneant,
797 2443 991 2523 praesentem
1015 2443 1137 2502 cartam
1161 2436 1261 2522 sigilli
1276 2439 1340 2502 mei

294 2540 508 2625 impressione
536 2541 696 2605 roboravi.
742 2540 818 2604 Hiis
841 2541 989 2617 testibus,
1014 2545 1072 2605 ete.

337 2641 381 2704 Et
404 2642 444 2706 de
467 2641 534 2706 alia
556 2642 694 2706 dimidia
726 2643 817 2727 hyda
840 2648 946 2720 terne,
975 2643 1056 2708 dicit
1086 2644 1173 2728 quod
1206 2643 1340 2709 heredes

291 2745 453 2810 Johannis
476 2745 517 2808 dc
540 2745 760 2830 Fouleswyke
783 2745 904 2809 debent
927 2751 1047 2811 terram
1071 2745 1161 2811 illam
1185 2748 1340 2811 waranti-

292 2869 364 2911 zarc
387 2847 426 2910 ei.
472 2847 517 2910 Et
539 2847 647 2912 Alicia
670 2847 862 2931 dicitquod
886 2853 1007 2912 tomam
1031 2848 1122 2912 illam
1145 2851 1340 2914 warantiza-

291 2949 350 3024 bit,
373 2949 452 3033 quia
485 2949 661 3033 praedictus
683 2949 825 3012 Thomas
856 2971 1026 3034 nunquam
1054 2951 1119 3014 fuit
1151 2952 1186 3014 in
1220 2953 1340 3016 saisina

293 3051 332 3118 de
365 3056 452 3115 terra
486 3051 553 3128 illa,
577 3073 636 3116 nec
670 3051 789 3136 aliquis
822 3060 1063 3116 antecessorum
1097 3075 1239 3131 suorum,
1274 3054 1340 3120 nisi

294 3153 470 3238 praedictus
494 3153 679 3217 Willelmus
703 3154 743 3217 de
767 3155 861 3238 cujus
884 3155 1003 3218 saisina
1025 3158 1181 3220 narravit.

335 3255 414 3319 Post
442 3256 535 3319 venit
558 3255 675 3319 Petrus
706 3261 740 3318 et
774 3256 922 3320 defendit
949 3257 1005 3340 jus
1039 3279 1135 3320 suurn
1159 3263 1193 3323 et
1223 3264 1339 3338 totum,

292 3363 351 3422 etc.
414 3357 457 3421 Et
494 3357 535 3420 de
573 3357 712 3422 dimidia
751 3358 840 3443 hyda
878 3364 984 3435 terrm,
1023 3381 1121 3444 quam
1163 3363 1339 3447 pradictus

291 3459 432 3524 Thomas
455 3459 486 3524 ei
509 3460 610 3535 dedit,
634 3460 729 3546 ponit
751 3481 786 3524 sc
809 3461 845 3524 in
871 3483 1023 3546 magnam
1046 3464 1190 3542 assisam,
1214 3470 1283 3542 eto,
1306 3472 1341 3532 et

290 3563 376 3648 petit
398 3561 654 3647 recognitionem
677 3563 756 3640 fieri,
779 3567 892 3627 utrum
915 3563 985 3648 ipse
1008 3564 1115 3649 majus
1141 3566 1198 3650 jus
1220 3566 1340 3633 habeat

290 3665 327 3728 in
350 3669 439 3729 terra
470 3663 537 3741 illa,
560 3664 698 3728 tenendi
731 3686 804 3730 cam
838 3664 879 3728 de
910 3667 1068 3750 praedicta
1089 3667 1198 3733 Alicio
1231 3676 1271 3734 ut
1304 3671 1341 3734 in

290 3765 347 3831 illa
369 3787 469 3851 quam
490 3765 659 3856 dohannes
686 3765 727 3830 dc
751 3766 969 3852 Fouleswyke
999 3769 1152 3834 vendidit
1182 3772 1340 3857 praedicto

296 3868 439 3948 Thomas,
462 3873 496 3933 et
528 3889 626 3953 quam
660 3869 747 3932 idem
771 3867 913 3934 Thomas
935 3869 1029 3934 dedit
1051 3869 1159 3948 Petro,
1187 3894 1232 3937 an
1255 3897 1339 3960 prae·

289 3971 378 4036 dicta
409 3970 517 4036 Alicia
549 3971 683 4036 tenendi
718 3992 790 4036 earn
822 3972 859 4035 in
891 3972 1063 4040 dominico.
1123 3973 1167 4039 Et
1199 3975 1239 4040 de
1274 3977 1340 4042 alia

289 4073 426 4137 dimidia
458 4073 538 4138 hida
561 4077 656 4138 terrae
679 4075 774 4159 ponit
796 4096 831 4138 se
854 4075 890 4138 in
913 4097 1066 4162 magnam
1089 4078 1225 4143 assisam
1248 4080 1338 4143 simi-

288 4177 372 4241 liter.
434 4175 478 4241 Et
509 4176 595 4262 petit
617 4177 874 4262 recognitionem
897 4177 969 4242 fieri
1003 4184 1115 4243 utrum
1139 4181 1209 4266 ipse
1232 4183 1339 4267 majus

284 4279 340 4364 jus
362 4279 484 4344 habeat
518 4279 555 4342 in
583 4280 744 4365 praedicta
767 4285 855 4345 terra
876 4302 920 4346 an
943 4282 1102 4367 praedicta
1124 4283 1239 4349 Alicia.
1289 4285 1333 4350 Et

271 4381 447 4446 ·Ricardus
477 4381 519 4445 de
542 4379 758 4460 Paulesholte,
782 4383 892 4448 Hamo
923 4385 962 4448 de
986 4385 1218 4471 Bachamtone,
1241 4387 1336 4454 Jaco-

193 4533 199 4541 .
286 4483 347 4547 bus
381 4483 422 4548 de
454 4482 577 4560 Trous,
611 4491 645 4550 et
676 4485 841 4552 Robeitus
872 4487 914 4551 de
949 4487 1168 4574 Hoggesham,
1192 4495 1335 4574 quatuor

286 4585 408 4650 milites
430 4585 526 4651 electi
549 4587 592 4652 ad
614 4587 802 4673 eligendum
825 4589 1007 4667 duodecim,
1026 4597 1096 4667 etc,
1114 4597 1278 4656 venerunt
1301 4599 1335 4658 et

285 4688 454 4774 elegerunt
476 4689 565 4766 istos,
589 4689 721 4767 scilicet,
744 4692 931 4758 Johannem
954 4692 995 4757 de
1019 4693 1140 4758 Sancto
1164 4695 1333 4776 Quintiae,

285 4790 470 4856 Johannem
505 4793 545 4856 dc
580 4791 791 4880 Chireburge,
823 4795 1004 4862 Henricum
1034 4796 1192 4875 Chanuel
1215 4797 1333 4864 Jorda-
