3524 5808
636 873 811 922 mauroix
837 875 872 922 11.
1220 861 1284 925 399

234 1059 330 1145 ginta
351 1060 472 1126 solidos
494 1082 553 1146 pro
576 1065 648 1125 toto
679 1059 782 1125 libero
806 1065 995 1125 tenemento
1018 1082 1086 1139 suo,
1109 1066 1144 1126 et
1175 1061 1285 1126 decem

235 1161 358 1227 solidos
381 1184 440 1248 pro
463 1162 598 1239 decima,
621 1167 680 1228 etc.

281 1263 326 1329 Et
361 1263 463 1330 abbas
501 1264 584 1331 dicit
618 1265 707 1350 quod
742 1264 1004 1350 qualemcunque
1049 1269 1174 1330 cartam
1216 1266 1286 1350 ipse

237 1365 379 1450 proferat
402 1365 463 1430 sub
478 1366 611 1431 nomine
634 1365 785 1452 praedicti
807 1366 944 1431 Roberti
967 1367 1133 1452 quondam
1156 1365 1286 1430 abbatis

236 1467 276 1531 de
311 1465 555 1543 Malmesburia,
590 1468 678 1552 quod
712 1467 929 1553 praedecessor
962 1488 1041 1532 suus
1063 1473 1139 1553 post
1161 1467 1286 1533 confec-

237 1569 362 1634 tionem
386 1569 476 1634 illius
499 1574 608 1645 cartae,
632 1569 884 1654 praedecessores
907 1571 959 1634 sui
981 1568 1192 1635 habuerunt¹
1215 1591 1286 1635 cus-

238 1671 363 1736 todiam
386 1671 557 1757 cujusdam
581 1669 744 1736 Johannis
762 1672 974 1736 antecessoris
998 1672 1147 1756 praedicti
1162 1672 1287 1737 Johan-

237 1774 298 1850 nis,
322 1779 356 1840 et
379 1774 564 1860 scutagium
588 1781 747 1860 ceperunt
780 1774 820 1838 de
844 1775 1003 1860 praedicta
1025 1781 1114 1840 terra
1136 1775 1288 1841 similiter

236 1881 311 1961 post
349 1875 585 1942 confectionem
623 1881 722 1942 cartae
764 1877 941 1961 praedictae,
972 1883 1006 1941 et
1038 1878 1078 1942 de
1110 1876 1171 1944 hoc
1193 1879 1289 1964 ponit

236 1997 270 2041 se
293 1999 392 2064 super
418 1977 564 2044 assisam.
626 1979 671 2042 Et
695 1977 865 2044 lohannes
888 1979 970 2044 dicit
994 1980 1082 2064 quod
1114 1985 1189 2066 post
1212 2001 1287 2046 con·

235 2079 410 2146 sectionem
443 2086 541 2146 cartae
577 2081 743 2166 praedictae
776 2101 947 2166 nunquam
980 2081 1068 2145 idem
1096 2082 1196 2146 abbas
1228 2102 1288 2146 nec

236 2181 487 2266 praedecessores
510 2183 561 2245 sui
584 2181 718 2267 aliquod
742 2184 929 2269 scutagium
952 2189 1110 2269 ceperunt
1133 2183 1173 2247 de
1195 2187 1288 2247 ante-

237 2285 416 2350 cessoribus
440 2284 543 2370 ipsius
575 2285 748 2364 Johannis,
773 2291 807 2350 et
837 2286 878 2350 de
900 2285 961 2351 hoc
995 2286 1091 2370 ponit
1125 2307 1158 2350 se
1190 2308 1288 2370 super

237 2386 382 2450 assisam.

280 2488 451 2553 Juratores
485 2489 602 2553 dicunt
636 2510 734 2575 super
779 2496 1018 2556 sacramentum
1062 2511 1167 2566 suum,
1199 2489 1287 2575 quod

236 2611 295 2654 nac
319 2590 405 2656 idem
436 2590 538 2656 abbas
562 2613 622 2656 nec
644 2592 765 2677 aliquis
788 2592 1004 2677 praedecessor
1037 2613 1116 2656 suus
1141 2613 1287 2677 unquam

236 2697 394 2778 ceperunt
431 2693 617 2779 scutagium
653 2693 693 2757 de
732 2692 892 2778 praedicta
929 2698 1017 2758 terra
1054 2694 1089 2758 in
1128 2695 1288 2760 comitatu

235 2795 340 2860 Warr'
367 2799 442 2880 post
474 2794 710 2860 confectionem
744 2800 843 2859 cartae
876 2795 1049 2879 praedictae.
1098 2795 1177 2860 Ideo
1211 2817 1287 2860 con-

233 2901 419 2966 sideratum
443 2907 494 2966 est
520 2901 607 2986 quod
631 2902 809 2988 praedictus
831 2901 1000 2966 lohannes
1023 2907 1192 2988 recuperet
1215 2924 1288 2986 sey-

236 3024 352 3088 aynam
375 3025 468 3068 suam
485 3003 525 3067 de
548 3003 707 3088 praedicta
731 3009 819 3067 terra
842 3004 1023 3089 pervisum
1047 3004 1285 3090 recognitionis.

238 3106 281 3170 Et
304 3106 406 3171 abbas
429 3106 465 3169 in
493 3106 722 3171 misericordia.
772 3105 933 3191 Dampna,
958 3106 1016 3191 [xl.
1041 3105 1178 3192 marc.]²
1203 3108 1285 3192 quit’
1325 3164 1328 3170 ,

236 3231 274 3273 eo
305 3209 392 3294 quod
414 3209 549 3296 pacavit
571 3230 603 3272 x.
620 3207 657 3273 li.
673 3208 763 3294 apud
786 3208 872 3274 Sarr'
895 3213 929 3273 et
951 3232 1030 3276 xxv.
1051 3231 1176 3275 marcas
1199 3211 1288 3296 apud

236 3311 391 3376 London’.

280 3475 454 3541 Universis
478 3475 603 3548 Christi
625 3475 779 3540 fidelibus
802 3498 946 3562 praesens
971 3477 1131 3563 scriptum
1164 3479 1285 3543 visuris
1297 3497 1316 3545 r.
1329 3501 1359 3548 ar
1372 3493 1393 3546 b.

235 3577 290 3643 vel
323 3577 495 3653 audituris,
523 3576 671 3662 Rogerus
705 3577 746 3642 de
778 3576 993 3656 Chiverdene,
1016 3579 1167 3644 salutern·
1190 3585 1285 3646 aeter-
1298 3587 1404 3638 Release
1416 3589 1451 3652 by

234 3701 313 3745 nam
335 3680 372 3743 in
395 3679 546 3744 Domino.
593 3679 735 3742 Noverit
758 3679 956 3744 universitas
979 3688 1089 3745 vestra
1112 3705 1164 3748 me
1189 3683 1284 3748 remi·
1297 3653 1425 3770 ἓζξξζξθ

235 3783 313 3846 sisse
330 3786 365 3846 et
387 3781 520 3845 omnino
544 3781 694 3865 quietum
710 3780 876 3858 clamasse,
892 3805 951 3867 pro
975 3805 1026 3848 me
1051 3789 1085 3848 et
1107 3784 1283 3849 heredibus
1297 3787 1359 3836 dene
1372 3794 1399 3836 10

235 3883 316 3946 meis
348 3882 600 3966 imperpetuum,
633 3880 767 3945 domino
791 3881 958 3947 Willelmo
988 3884 1102 3948 abbati
1135 3885 1176 3949 de
1201 3886 1282 3950 Mal·
1296 3853 1455 3970 &2323ss

234 3984 407 4059 mesburia,
438 3988 473 4047 et
504 3981 651 4065 ejusdcm
689 3982 752 4048 loci
785 3986 973 4064 conventui,
1012 3991 1120 4050 toturn
1155 3987 1212 4072 jus
1250 3984 1415 4052 etfl'ehtsat

234 4085 390 4151 clamium
414 4084 502 4170 quod
525 4083 637 4161 habui,
654 4084 707 4148 vel
730 4084 840 4169 aliquo
864 4087 961 4151 modo
984 4086 1105 4152 habere
1129 4090 1232 4174 potui,
1248 4091 1284 4153 in
1297 4052 1402 4182 33¹3&

234 4193 306 4252 tota
328 4208 502 4252 commune
525 4207 624 4271 quarn
647 4185 749 4250 habui
772 4187 890 4250 inillis
913 4188 1025 4254 decem
1048 4195 1083 4254 et
1105 4196 1179 4256 octo
1202 4192 1286 4257 acris

235 4295 341 4366 tene,
364 4309 446 4373 quas
468 4287 532 4373 ipsi
555 4286 657 4352 abbas
680 4293 715 4352 et
738 4294 921 4354 conventus
955 4297 1072 4355 tenent
1106 4291 1142 4355 in
1175 4293 1285 4358 clauso

234 4391 270 4453 in
295 4389 331 4453 lo
346 4388 594 4465 Rowcrncreclao,
618 4389 653 4452 in
677 4394 770 4473 [rorte
791 4391 928 4454 australi
953 4397 987 4455 et
1010 4393 1163 4456 orientali
1187 4394 1227 4457 de
1251 4394 1286 4456 lc

236 4491 419 4578 Groscroslc
441 4492 482 4556 do
514 4491 742 4576 Fouleswyke‚
781 4513 848 4557 una
880 4515 955 4557 cum
989 4515 1163 4559 commune
1186 4517 1285 4579 quam

233 4593 338 4660 habui
366 4593 490 4657 inillis
522 4592 687 4658 sexdecim
710 4593 794 4659 acris
826 4605 920 4658 terrae
953 4616 1026 4679 quae
1054 4595 1168 4679 jacent
1199 4596 1287 4660 inter

240 4733 441 4741 ...μ-...ηα-
448 4733 786 4741 ———-—----————-—-
795 4733 816 4738 --ψ
910 4734 924 4740 ,
1151 4737 1282 4746 *—

268 4793 276 4826 ¹
289 4793 331 4846 Sic
342 4792 368 4843 in
381 4793 438 4844 MS.
719 4791 724 4860 Ι
771 4792 915 4858 ²Supplied
927 4795 993 4845 from
1005 4795 1095 4846 Aueiae
1107 4797 1173 4848 ltoll.
